2580 4740
143 282 217 359 140

139 458 222 550 λέγω
247 452 365 538 πάντες
385 449 586 543 ἐπίστασθε,
599 451 683 526 ’ὅσοι
709 453 898 548 ίτυχχοίυιιι
919 459 1011 544 ὄντες
1034 463 1100 534 ἐκεῖ
1121 463 1182 536 τῶι

139 558 357 654 στρατιωτῶν.
377 557 518 630 κάλεσον
542 561 577 628 ai
601 564 657 630 καὶ
682 560 888 653 Λυσίμαχον.
932 563 1013 643 Quis
1030 591 1109 634 vero
1130 584 1180 637 aut

67 756 70 761 Ι
137 669 222 734 unde
238 665 296 732 ille
312 663 546 750 Lysimaehust
595 662 649 730 'l'u
662 667 752 730 ocius
775 688 899 753 repone
916 667 1054 740 κάλεσον
1068 673 1106 739 δὲ
1126 678 1180 744 καὶ

137 774 178 840 Ν
183 771 283 855 οιυσί
288 795 310 856 μ
320 793 342 835 σι
347 792 432 856 χου.
449 764 560 832 -Cuius
574 770 660 833 euim
674 771 858 837 testimonio
875 772 980 839 uisum
995 795 1070 840 esse
1087 773 1176 842 iilum

136 876 243 961 magis
257 886 506 946 cousentaneum
521 884 589 950 est,
614 892 707 957 quam
728 875 833 957 ipsius
846 873 956 956 iliius,
979 881 1072 943 ouius
1088 883 1177 945 trire-

59 962 63 973 ’
135 997 222 1041 meru
237 996 303 1040 uun
318 974 444 1040 salvam
458 977 678 1063 integramque
694 977 962 1044 conservaverat?
1010 983 1053 1046 Et
1067 986 1176 1050 statim

17 1089 22 1097 ‘
133 1080 329 1145 testimoniis
352 1076 460 1144 siletis
480 1079 527 1143 ita
550 1081 657 1166 pergit
678 1091 801 1144 oratore
827 1083 876 1150 At
896 1085 955 1168 μίυ
975 1088 1090 1153 τοίνυν
1113 1110 1175 1157 συ-

129 1184 248 1254 ostem
268 1183 334 1250 τῶν
358 1182 439 1250 asaia
462 1177 588 1250 iniiam
613 1170 708 1264 ἦσαν.
734 1175 796 1270 syo}
824 1185 860 1250 δὲ
883 1183 962 1270 tinia
979 1183 1041 1258 δύο
1069 1182 1174 1278 ι’κόμι.

43 1310 46 1315 ’
132 1308 196 1372 σοι,
224 1277 284 1368 τὴν
302 1284 448 1371 ’ἐμαυτοῦ
467 1276 604 1368 sabario·
623 1283 845 1374 Ναυσιμάχου
863 1284 988 1378 τριήρη.
1040 1291 1095 1356 De
1118 1312 1174 1358 nu·

129 1402 221 1455 mero
243 1378 391 1469 navium,
414 1408 496 1479 quae
517 1410 564 1453 ex
585 1385 644 1453 ille
659 1408 770 1476 pugna
784 1404 974 1477 evaseruut,
1001 1393 1088 1460 alias
1108 1398 1174 1463 for-

129 1507 219 1559 tasse
236 1489 330 1578 plura
342 1490 467 1572 diuam,
487 1492 572 1559 sieut
586 1492 682 1557 etiam
697 1492 739 1558 tio
752 1490 978 1579 titubantem,
1004 1502 1059 1586 qui
1075 1521 1172 1586 supra

129 1598 159 1675 i.
177 1602 211 1662 8.
230 1594 505 1662 commemoratur.
612 1614 615 1619 ·
888 1603 892 1609 ’

199 1746 321 1832 Lysiae
342 1750 445 1821 oratio
466 1721 744 1827 duodevibssima‚
776 1768 858 1835 quae
888 1742 1076 1813 inscribitur
1097 1751 1172 1833 περὶ

127 1848 310 1939 δημεύσεως
323 1852 388 1931 τοῦΙ
400 1855 521 1920 Νικίου
538 1849 684 1941 ἀδελφοῦ
701 1851 873 1937 ἐπίλογος,
894 1849 1003 1929 habita
1019 1865 1072 1914 est
1092 1875 1169 1916 oon-

125 1965 178 2020 tra
192 1953 354 2020 homiuem
368 1951 567 2042 inprobum,
582 1955 673 2020 ouius
687 1952 815 2040 quidem
828 1955 912 2040 quod
924 1953 1022 2019 fuerit
1037 1974 1169 2036 nomen,

13 2066 19 2079 ¹
87 2130 90 2135 ⁴
125 2055 313 2146 ambiguum
330 2069 396 2123 est:
421 2060 533 2123 inuno
548 2059 634 2122 enirn
652 2053 898 2141 illolooo„ubi
916 2078 1037 2121 nomen
1060 2059 1167 2145 ipsum

37 2209 41 2217 -
123 2175 411 2238 commemoratur,
435 2159 602 2225 fluctuatio
617 2172 679 2224 est:
705 2157 878 2224 Bekkerus
893 2163 980 2225 enim
1000 2181 1075 2226 oum
1094 2160 1167 2226 Ste-

122 2263 230 2350 phano
246 2267 375 2349 scripsit
388 2265 424 2328 in
440 2267 470 2344 ἦ.
488 2271 552 2331 13:
580 2246 632 2331 Ei
646 2259 680 2329 δ’
697 2253 775 2345 οἶδ’,
798 2251 970 2354 ὦόἱυδρες,
997 2265 1165 2344 δικασταί,

123 2362 175 2436 ὅτι
203 2371 276 2458 περὶ
303 2370 457 2435 πλείστου
478 2359 522 2435 σ’ἶυ
550 2361 725 2449 ποιήσοιτο
749 2368 941 2454 Πολίορχος
966 2363 1085 2434 τοῦτον
1109 2360 1165 2435 τόυ

121 2463 236 2556 ἆχῶυοι
272 2466 502 2558 κατορθῶσαι,
550 2466 617 2532 Sed
644 2471 678 2533 iu
707 2467 777 2533 eod.
807 2466 834 2533 C
861 2468 1040 2561 σιολίοιχος,
1070 2472 1108 2533 iu
1128 2470 1163 2536 X

119 2570 276 2660 πολίσχος
288 2570 417 2658 legitur.
466 2568 550 2635 Mihi
563 2571 689 2657 quidem
707 2568 913 2647 scribendum
930 2574 1055 2638 videtur
1077 2577 1163 2641 Ho-

118 2674 284 2763 is'ogoc}
304 2665 391 2760 quod
416 2673 459 2739 ad
478 2672 635 2741 librorum
657 2671 828 2739 lectionem
847 2677 997 2761 proxime
1028 2676 1161 2741 accedit.

118 2780 163 2845 Et
182 2779 329 2849 Polioohi
349 2799 465 2848 nomeu
487 2779 566 2845 satis
588 2775 793 2873 confirmatur
821 2780 1009 2845 auctoritate
1032 2779 1161 2866 Harpo-

118 2884 290 2959 crationis‚
322 2883 525 2968 qui-dioitp.
552 2884 637 2946 150.
664 2885 724 2946 23.
750 2879 800 2945 ed.
822 2881 913 2967 Lips.
939 2880 1161 2972 Πολίοχος

116 2988 174 3053 καὶ
200 2974 400 3067 Πολυάλκης
423 2978 574 3070 ὀυόμοιτοι
597 2974 705 3073 κύρια.
753 2983 878 3051 Eadem
899 2984 980 3051 haee
1006 2983 1159 3072 leguntur

117 3089 202 3175 apud
218 3087 368 3154 Photium
381 3111 414 3173 p.
431 3091 516 3154 439.
535 3096 569 3152 4.
620 3084 700 3151 lude
721 3101 828 3152 autem
851 3090 930 3152 satis
945 3085 1158 3174 probabiliter

119 3194 283 3270 coniicias,
302 3191 386 3256 bano
401 3191 543 3255 nominis
554 3191 690 3258 formam
705 3210 757 3253 me
774 3212 849 3256 vere
864 3191 986 3275 Lysiae
999 3195 1158 3258 restituis·

116 3317 170 3377 se,
193 3307 280 3361 nerto
294 3293 509 3380 Harpocratio
529 3293 610 3359 haee
626 3314 670 3359 ex
685 3290 794 3379 aliquo
811 3293 922 3359 deeern
936 3293 1069 3360 illorum
1085 3318 1157 3362 ora·

113 3412 219 3465 torum
233 3398 350 3463 bausit.
387 3394 462 3463 Huo
474 3396 596 3463 aceedit
611 3398 664 3472 id,
689 3397 772 3482 quod
789 3395 934 3462 Galenus
947 3390 1030 3463 bane
1046 3401 1155 3486 ipsam

115 3496 295 3567 orationem
316 3523 356 3566 eo
378 3498 470 3582 loeo,
495 3522 589 3588 quem
616 3498 738 3585 profert
762 3497 942 3585 Taylorus‚
967 3494 1055 3569 aurei
1080 3507 1156 3571 Πο-

111 3595 248 3692 λιούχου
271 3600 427 3683 insoribit.
477 3603 543 3669 Sed
566 3601 614 3667 ibi
637 3602 690 3668 uel
712 3604 784 3688 ipse
803 3594 945 3668 Galenus
960 3603 1015 3668 vel
1027 3602 1156 3670 librarii

112 3711 184 3774 eius
206 3707 435 3773 substituerunt
454 3706 659 3773 insolentiori
687 3707 812 3770 formae
834 3702 1020 3794 vulgarem:
1056 3723 1155 3795 atque

110 3812 227 3877 endem
244 3812 367 3878 videtur
389 3814 488 3877 etiarn
507 3808 720 3897 Aristophani
735 3810 932 3877 restituenda
951 3830 1027 3877 osse
1039 3813 1077 3876 in
1090 3812 1156 3898 Ly·

109 3919 240 3983 sistram
255 3938 286 3984 v.
303 3919 393 3981 344:

271 4028 508 4160 'Eusebem
533 4050 562 4132 οἷ
584 4060 780 4158 χρυσολόφα

228 4167 456 4274 ΙΠολιοῦχο,
482 4160 544 4247 nobe
568 4171 666 4258 ίσχου
681 4169 788 4259 ἕδρας.
899 4228 902 4232 .
1032 4220 1035 4225 ,
1171 4216 1174 4223 .
