2580 4740
170 96 633 196 immurmurantium
657 116 734 171 suto
757 100 840 197 illud
864 118 998 194 tompus
1019 128 1124 197 usque
1147 107 1218 178 Au·

166 208 294 283 droeles
308 230 328 274 a
343 228 505 299 quoquam
517 200 641 279 domiuo
652 206 758 295 potuit
772 210 897 290 notari,
923 232 1026 298 neque
1045 200 1224 296 Cunus,

165 300 200 381 si
209 312 297 379 huno
308 312 405 377 istius
418 308 574 389 reriiodtli·
585 322 749 377 unemrem
762 316 836 377 esse
845 330 929 378 vere·
937 330 1115 402 auguratus
1126 338 1231 401 sum,

163 412 294 484 fabulas
309 414 458 480 docuisse
471 412 608 494 ridetur,
625 412 717 477 illam
732 426 839 479 tamen
851 415 1100 500 appelintioneru
1111 416 1261 496 etiam

161 532 278 609 postea
304 518 519 583 remotissimo
541 515 657 582 theatri
688 517 760 582 loeo
784 521 942 582 mansisse
967 521 1081 598 oredo,
1125 525 1265 604 sinu}

161 624 262 689 etism
281 619 495 687 tabulatorum
518 640 655 699 nomen,
681 623 832 706 quamvis
842 620 985 689 firmiore
1000 622 1131 690 theatro
1148 648 1271 693 ern,

160 736 298 806 moto,
336 721 541 802 servabatur,
569 735 605 792 ut
625 723 742 792 docent
763 721 813 790 illi
834 744 948 793 verum
969 722 1097 857 Cratini
1119 742 1279 815 apud.

159 824 439 916 Hephaestionem
456 849 488 913 p
479 831 569 891 ..84

213 929 333 1021 Χαῖρ’,
359 919 398 996 ὦ
408 928 468 1016 μέγ
473 921 712 1016 ’ἁχριιογέῑως
732 917 845 1022 όμιλι,
871 916 945 1009 sole
961 934 1133 1018 ὼτίβδιιις,

210 1034 282 1117 Τῆς
307 1031 463 1161 ἡμετιέριις
486 1018 606 1123 σοφίης
630 1029 742 1120 κρίτης
761 1029 873 1155 ἄριστε
897 1027 1045 1103 πάντων·

206 1133 316 1209 Eridu!
315 1159 380 1223 μον
385 1133 510 1207 'insti
535 1156 573 1202 σι
597 1129 703 1222 μήτηρ
726 1129 839 1225 ἰκρίων
857 1131 1015 1228 ιρόφησις.

154 1230 248 1315 Adde
273 1237 442 1326 Aristoph.
466 1241 502 1303 in
527 1236 727 1324 'l'hesmoph.
750 1258 834 1305 vers.
852 1243 938 1306 396.
990 1240 1067 1315 Ηοι
1089 1255 1280 1315 tamen

153 1340 251 1407 rideo
288 1363 380 1406 meae
410 1342 668 1426 interpretationi
696 1340 767 1406 iure
802 1344 923 1427 opponi
955 1364 1072 1428 posse,
1112 1354 1275 1432 quod

153 1441 300 1511 tabulata
330 1444 389 1510 illa
423 1445 596 1553 antiquitus
626 1465 690 1509 non
723 1445 866 1510 fuerunt
882 1447 917 1509 in
949 1468 989 1511 eo
1019 1444 1113 1527 loeo,¹
1139 1448 1268 1513 ubi

150 1560 266 1637 postea
281 1546 463 1629 theutrum,
487 1548 544 1612 sed
560 1548 665 1632 potius
678 1545 783 1611 subito
794 1546 1047 1614 exstruebantur
1060 1551 1098 1615 in·
1111 1551 1257 1624 fore»,

152 1672 227 1718 eum
242 1672 321 1717 usus
333 1664 444 1717 esset
463 1652 491 1714 si
508 1671 585 1715 vera
599 1648 695 1715 tradit
707 1648 889 1737 Photmsp
908 1657 992 1732 too,
1008 1656 1050 1718 3ι
1067 1646 1250 1743 '‘Ispm

150 1747 193 1822 τᾶ
218 1755 259 1822 ἓν
283 1754 330 1849 τῇ
351 1752 503 1842 ἀγορᾷ·
536 1744 603 1844 ἀφ’
619 1742 666 1820 ὧν
689 1750 833 1821 ἐθεῶντο
853 1746 932 1833 τούς
957 1751 1232 1833 damnamus

150 1855 279 1946 ἀγῶνας
294 1858 372 1947 πριν
385 1884 405 1940 η
391 1850 784 1934 ”sarnoxnmnddnas
749 1881 788 1924 το
805 1864 841 1925 ἐν
854 1853 1016 1925 Διονύσου
1032 1857 1196 1946 θέατρον.

150 1958 266 2026 Τιιιιι’
255 1963 354 2048 igitur
376 1972 525 2026 extrema
547 1957 691 2024 tabulata
712 1980 791 2024 sane
812 1962 964 2048 contigua
980 1960 1105 2027 fuerint
1123 1960 1191 2037 iliis,

147 2064 231 2149 ipsis
246 2061 433 2143 arboribus,
458 2065 493 2128 iu
514 2060 628 2149 quibus
649 2061 897 2128 calumniatores
915 2067 1132 2129 accusationis
1144 2064 1175 2128 ii·

147 2164 253 2233 bellos
266 2166 474 2251 suspendisse
488 2166 627 2242 tradunt,
636 2187 739 2252 nequo
753 2168 914 2252 satisapte
928 2167 1044 2233 eadere
1053 2171 1178 2252 potuerit

147 2268 231 2335 haee
245 2266 419 2354 appellatio
440 2270 538 2332 etiam
558 2271 592 2332 in
610 2282 792 2333 extremum
805 2268 914 2334 locum
929 2269 1086 2336 firmioris
1100 2270 1179 2343 ιΙιιι-
1288 2329 1290 2332 t

146 2376 206 2456 tri,
228 2374 311 2459 quod
325 2386 440 2457 postea
456 2370 521 2434 alio
539 2368 613 2435 loeo
630 2384 827 2437 exstructum
848 2386 908 2437 est.

216 2472 282 2541 Sed
303 2496 365 2563 age
386 2474 562 2540 cavendum
579 2486 638 2555 est,
653 2495 694 2539 ne
708 2473 802 2539 labar
814 2473 963 2563 longiust
982 2476 1088 2541 nimis·
1099 2479 1181 2543 enim

145 2576 202 2647 diu
214 2580 281 2644 iam
295 2591 436 2646 moratus
450 2598 522 2644 sum
536 2574 642 2642 Tuam
655 2580 862 2663 patientiam,
889 2580 992 2644 umine
1007 2581 1184 2661 oarimme,

142 2704 239 2773 quem
253 2682 349 2748 oredo
371 2682 489 2747 dudum
511 2669 690 2767 cupivisse,
717 2692 752 2745 ut
773 2683 877 2746 oratio
891 2672 1030 2747 liberius
1041 2704 1102 2768 per
1116 2704 1184 2748 nm·

141 2784 245 2873 bages
266 2790 387 2873 uagata
409 2784 450 2847 ud
473 2786 675 2870 propositum
695 2783 893 2850 reflectatur:
922 2784 1004 2849 nihii
1028 2788 1118 2851 euim
1132 2787 1184 2853 vei

144 2898 230 2957 certe
243 2909 308 2954 non
323 2887 455 2953 multum
474 2886 555 2952 haee
578 2888 620 2952 ad
639 2884 857 2952 Andocidem:
885 2889 1047 2954 sedenim
1062 2886 1184 2976 aliquid

142 3006 228 3059 uerte
242 2994 409 3058 conferent
425 2988 466 3054 ad
482 2992 620 3054 oratoris
634 2988 734 3055 rerba
746 2989 953 3056 illustranda:
970 2992 1080 3057 studui
1094 2996 1185 3059 euim

142 3094 288 3162 collectis
300 3098 360 3174 iis,
383 3114 465 3183 quae
478 3105 624 3160 vetustas
639 3091 734 3159 nobis
752 3115 817 3158 uon
838 3095 968 3171 invidit,
990 3096 1184 3161 memoriam

139 3190 312 3264 Aodroolis
325 3220 501 3279 renovare,
526 3209 561 3262 ut
578 3197 662 3283 quod
674 3198 772 3263 fuerit
783 3198 852 3261 eius
866 3198 1045 3283 ingenium,
1063 3218 1184 3275 mores,

138 3303 278 3369 eonditio
302 3300 411 3390 aliqua
431 3314 517 3367 certe
539 3321 585 3364 ex
610 3312 701 3386 parte
721 3302 827 3386 possit
851 3303 1001 3386 perspici.
1040 3298 1183 3371 Possum

124 3404 232 3493 ,plura
249 3405 392 3470 eiusdem
406 3404 537 3494 generis
554 3400 678 3468 Tecum
691 3404 927 3469 communiente
942 3402 983 3467 de
999 3400 1124 3469 aliis
1090 3408 1182 3483 nnn,

137 3530 270 3597 quorum
267 3498 355 3574 hau
374 3510 410 3573 in
435 3508 581 3573 oratione
594 3506 633 3572 fit
647 3480 789 3588 mentio,
814 3526 1007 3594 quorumque
1021 3509 1182 3573 memoris

135 3611 322 3700 plerumque
337 3624 388 3677 est
404 3610 583 3686 obseurata,
597 3610 654 3688 sod
669 3624 734 3674 uno
749 3607 903 3694 exemplo
918 3608 1051 3695 defungi
1066 3608 1182 3691 malni,

135 3728 172 3780 ut
186 3716 408 3798 ostenderem,
430 3732 494 3803 quo
516 3715 643 3781 modo
633 3736 667 3779 ιιι
682 3712 744 3778 hou
755 3733 877 3801 genere
891 3712 1095 3803 quaestionis
1109 3734 1182 3779 ver·

136 3820 204 3884 sari
221 3817 357 3885 soleam.
