2580 4740
70 416 74 423 Ι
165 313 283 381 ἰιι

205 484 337 552 Solonis
359 495 465 549 antem
489 479 613 574 legem
616 423 809 549 Patroclidis
836 480 1042 570 plebiscitum
1069 483 1257 589 conforma·

206 606 275 656 tum
283 601 358 754 16⁸6
374 709 451 754 vero
469 684 682 753 refellendum
704 704 755 752 est
780 685 861 753 illud
890 681 1132 776 argumentum,
1168 692 1253 778 quod

207 792 259 860 'l'e
271 793 417 859 maxime
429 791 559 856 induxit
574 793 614 856 ad
628 789 734 856 locum
748 791 926 857 Andocidis
940 791 1033 857 aliter
1048 794 1254 859 constituen-

206 898 302 977 dum,
338 909 433 982 atque
458 891 612 958 debebas.
667 890 779 980 Negas
804 897 902 958 eoim'
918 893 1050 983 regibus
1082 917 1253 962 sacrorum

206 999 340 1065 licuisse
363 999 556 1062 sententiam
577 997 663 1063 ferre
687 998 728 1061 de
748 999 830 1077 reis,
856 1017 927 1062 cum
946 1019 1061 1067 causas
1073 1012 1201 1064 tentum
1215 1004 1253 1065 in

206 1103 311 1168 iorum
336 1100 533 1166 induxerint.
588 1097 726 1165 Constat
748 1120 829 1164 sane
849 1098 1048 1167 Dracoutarn
1078 1113 1127 1168 et
1134 1116 1252 1189 postea

195 1205 292 1271 'alios
312 1203 518 1292 legislatores
537 1215 572 1266 ut
593 1200 788 1288 reliquorum
812 1201 999 1269 archontum
1022 1206 1078 1269 ita
1096 1209 1250 1291 inprimis

204 1312 294 1396 regis
306 1320 512 1401 potestatem
510 1303 701 1370 iudicialem
716 1307 906 1393 infregisset
927 1319 960 1372 ut
971 1318 1124 1394 potestas
1132 1308 1229 1374 illu”
1207 1329 1248 1374 ns

104 1443 107 1449 ·
206 1433 272 1476 non
284 1430 416 1497 prorsus
429 1421 480 1474 est
499 1408 646 1490 ademta,
658 1409 723 1474 sed
744 1423 867 1475 tautum
864 1430 1004 1499 magna
1017 1431 1061 1475 ex
1076 1417 1196 1497 perte
1185 1433 1246 1477 rm·

205 1517 338 1580 minuta.
389 1511 463 1577 Et
452 1503 543 1596 rpsbs
564 1455 744 1577 Archontes
766 1534 825 1598 per
849 1533 886 1578 se
908 1514 1096 1578 exercuisse
1125 1516 1246 1581 iudicia

195 1619 288 1683 satis
303 1628 391 1703 patet
404 1637 447 1681 ex
463 1616 542 1691 iis,
537 1635 634 1707 quae
655 1615 734 1679 dicit
753 1613 935 1681 PolluxL
950 1614 1044 1682 vill.
1061 1622 1130 1683 622
1150 1612 1245 1709 Ἔφι-

206 1743 258 1799 σις
250 1716 307 1785 δέ
320 1707 440 1786 intest
420 1740 501 1786 orus
513 1741 563 1796 τις
576 1711 643 1785 ἀπὸ
664 1710 879 1843 διαιτητῶν”
855 1745 878 1800 η
901 1704 1122 1810 ἀρχόντων
1143 1748 1165 1802 η
1149 1712 1243 1804 ”66-

205 1823 317 1910 unroh»
336 1824 389 1919 ζπὶ
410 1813 603 1902 δικαστὴν
587 1817 667 1946 tpp'13
691 1813 795 1938 ἢᾶιιο
784 1815 929 1908 βουλῆς
947 1823 999 1892 lul
1013 1816 1201 1908 66ptov6’
1178 1817 1242 1891 απὸ

205 1923 315 2012 δήμου
334 1927 387 1994 ἐπὶ
410 1915 667 2012 δικαστήριοιι
643 1951 664 2006 η
688 1916 756 1990 ἀπὸ
773 1922 937 1992 δικαστῶν
949 1924 1001 1994 ἐπὶ
1014 1919 1139 2006 ξενικὸν
1152 1929 1242 1994 6tttu·

205 2024 348 2117 στήριον.
398 2024 634 2114 cognoscimus
649 2028 734 2091 enirn
756 2049 802 2093 ex
816 2022 875 2092 bis
881 2025 988 2093 verbis
1001 2030 1082 2093 satis
1097 2027 1241 2096 luculen-

63 2170 66 2176 ,
200 2146 255 2199 *tor
274 2128 478 2197 archontibus
497 2151 622 2217 quoque
643 2127 775 2194 licuisse
796 2130 974 2196 sententies
993 2130 1078 2197 ferre
1102 2133 1145 2197 de
1164 2135 1238 2212 reis,

207 2235 366 2322 siquidem
388 2232 524 2299 licuerit
535 2232 577 2295 ud
595 2233 748 2298 iudicium
770 2253 963 2318 provocare,
991 2237 1021 2298 si
1041 2256 1094 2299 cur
1081 2235 1239 2302 archou-

205 2351 275 2404 tum
288 2339 448 2402 sententia
464 2334 638 2422 illegitima
652 2337 750 2401 luerit
767 2338 847 2402 vise.
896 2333 1009 2422 Neque
1023 2359 1102 2402 veru
1118 2337 1238 2404 Pollux

123 2461 125 2466 ·
206 2441 248 2504 de
270 2438 520 2525 antiquioribus,
542 2438 600 2502 sed
617 2441 725 2524 potius
744 2438 785 2503 de
799 2438 1030 2523 posterioribus
1043 2440 1236 2527 temporibus

193 2543 356 2634 ‚loquitur-
407 2538 608 2626 Quamqoam
629 2562 764 2606 nonme
786 2540 965 2629 latetlruec
986 2545 1140 2622 crimina,
1160 2565 1238 2632 quae

205 2644 324 2712 Pollux
352 2643 560 2709 intellexisse
585 2643 729 2724 videtur,
763 2643 886 2709 leviora
902 2647 1054 2711 maxims
1080 2668 1126 2712 ex
1151 2660 1238 2734 perte

158 2792 159 2795 =
205 2749 324 2825 luisse,
355 2759 391 2811 ut
409 2742 674 2834 posset‘orbitrio
698 2745 884 2814 archontum
910 2769 965 2814 res
986 2750 1157 2835 componi,
1183 2744 1239 2816 noo

193 2845 289 2939 ¹¹opus
321 2866 409 2914 essct
433 2849 565 2916 forensi
585 2850 723 2916 actione.
772 2850 909 2917 Videtur
939 2853 1026 2917 euim
1042 2851 1237 2919 archontum

207 2969 306 3041 opera
328 2955 471 3017 maxime
498 2973 537 3016 eu
558 2955 593 3017 in
606 2975 642 3017 re
657 2954 764 3038 posita
777 2956 898 3034 fnisse,
914 2965 960 3018 'ut
978 2956 1061 3020 inter
1074 2946 1238 3042 litigantes

194 3058 346 3146 'gratiam
360 3042 627 3121 reconciliarentt'
641 3058 692 3119 sin
709 3054 762 3119 bis
779 3056 986 3143 displicuerit·
992 3061 1238 3147 magistratuum

181 3161 384 3237 *sementim
410 3173 477 3222 tum
504 3157 600 3223 licuit
618 3158 658 3223 ad
678 3155 819 3223 tribunal
842 3170 1026 3244 provocare.
1051 3227 1054 3231 ,
1078 3159 1147 3227 Sed
1167 3175 1239 3228 sunt

208 3263 274 3328 alia
293 3282 395 3349 eaque
409 3261 556 3348 graviora
575 3273 775 3348 argumenta.
825 3260 911 3328 'l'um
930 3262 1016 3327 enini
1035 3266 1238 3349 potissimum

206 3364 300 3430 licuit
318 3362 527 3430 *archontibus
548 3364 647 3428 cerusa
664 3362 771 3430 delate
799 3367 908 3430 statim
928 3366 1081 3430 iudicium
1104 3380 1238 3434 excrus-

207 3488 261 3548 re,
286 3489 358 3533 curn
376 3482 409 3533 et
428 3488 505 3532 rous
525 3468 560 3530 in
582 3468 655 3550 ipso
677 3468 800 3551 peccati
824 3481 985 3535 momento
1007 3467 1238 3555 deprebenms,

208 3586 241 3636 et
254 3590 331 3634 vero
345 3584 510 3655 peccatum
523 3571 570 3634 ita
586 3585 803 3653 cornparatum
818 3562 918 3645 esset,
929 3585 966 3636 ut
979 3585 1099 3637 certum
1113 3594 1239 3658 poenae

175 3655 180 3665 ⁸
207 3686 310 3760 genos
323 3669 397 3761 lege
411 3676 615 3738 constitutum
633 3672 739 3737 fuerit.
770 3671 839 3738 Iam
854 3694 930 3738 vero
945 3677 1130 3741 coniectura
1143 3679 1240 3743 etiam

208 3796 339 3860 assequi
328 3773 446 3839 nobis
457 3772 551 3853 licet,
576 3772 713 3873 quibus'
704 3796 737 3839 sn
754 3773 938 3841 criminibus
955 3797 1051 3863 reges
1074 3798 1240 3846 sacrorum

207 3879 327 3944 indicta
349 3898 445 3941 causa
459 3892 595 3962 poenum
618 3880 822 3968 exegerinta
842 3881 918 3945 reis.
970 3878 1131 3960 Videntur
1155 3885 1241 3949 euim

209 3992 277 4045 tum
293 3981 494 4067 potissimum
514 3998 577 4044 nou
595 3978 738 4047 adhibito
758 3980 866 4068 aliquo
881 3981 1000 4047 iudicio
1013 4003 1141 4069 poenas
1156 3978 1243 4051 sum·

210 4086 311 4160 sisse,
335 4084 366 4148 si
380 4084 452 4168 quis
465 4083 629 4161 rediisset,
651 4086 705 4175 qui
728 4096 859 4170 propter
878 4086 1010 4150 caedem
1032 4091 1242 4154 commissam

211 4197 265 4252 aut
285 4189 363 4274 iuga
382 4206 419 4252 se
442 4182 641 4253 subduxerat
661 4207 786 4273 poenae
808 4186 957 4276 capituli,
981 4203 1037 4256 ant
1054 4190 1244 4260 inexilium
