<?xml version="1.0" encoding="UTF-8"?>
<!DOCTYPE html PUBLIC "-//W3C//DTD XHTML 1.0 Transitional//EN"
    "http://www.w3.org/TR/xhtml1/DTD/xhtml1-transitional.dtd">
<html xmlns="http://www.w3.org/1999/xhtml" xml:lang="en" lang="en">
 <head>
  <title>
</title>
<meta http-equiv="Content-Type" content="text/html;charset=utf-8" />
  <meta name='ocr-system' content='tesseract 3.04.00' />
  <meta name='ocr-capabilities' content='ocr_page ocr_carea ocr_par ocr_line ocrx_word'/>
</head>
<body>
  <div class='ocr_page' id='page_1' title='image "andocidisoratio00andogoog_0141.png"; bbox 0 0 2580 4740; ppageno 0'>
   <div class='ocr_carea' id='block_1_1' title="bbox 114 267 184 361">
    <p class='ocr_par' dir='ltr' id='par_1_1' title="bbox 114 267 184 361">
     <span class='ocr_line' id='line_1_1' title="bbox 114 267 184 361; baseline -0.014 -23"><span class='ocrx_word' id='word_1_1' title='bbox 114 267 184 361; x_wconf 71' lang='lat' dir='ltr'><strong>ras</strong></span> 
     </span>
    </p>
   </div>
   <div class='ocr_carea' id='block_1_2' title="bbox 111 435 1189 1049">
    <p class='ocr_par' dir='ltr' id='par_1_2' title="bbox 111 435 1189 1049">
     <span class='ocr_line' id='line_1_2' title="bbox 111 435 1135 531; baseline 0.002 -22"><span class='ocrx_word' id='word_1_2' title='bbox 111 443 228 509; x_wconf 80' lang='lat' dir='ltr'><strong>sentias</strong></span> <span class='ocrx_word' id='word_1_3' title='bbox 242 435 353 507; x_wconf 86' lang='lat' dir='ltr'><strong>tulerit</strong></span> <span class='ocrx_word' id='word_1_4' title='bbox 376 439 417 513; x_wconf 80' lang='lat' dir='ltr'><strong>de</strong></span> <span class='ocrx_word' id='word_1_5' title='bbox 430 437 624 509; x_wconf 86' lang='lat' dir='ltr'><strong>bominibus.</strong></span> <span class='ocrx_word' id='word_1_6' title='bbox 672 440 779 531; x_wconf 82' lang='lat' dir='ltr'><strong>Atque</strong></span> <span class='ocrx_word' id='word_1_7' title='bbox 802 443 947 531; x_wconf 77' lang='grc' dir='ltr'><strong><em>τιτρλιλο</em></strong></span> <span class='ocrx_word' id='word_1_8' title='bbox 970 439 1057 515; x_wconf 82' lang='lat' dir='ltr'><strong>baeu</strong></span> <span class='ocrx_word' id='word_1_9' title='bbox 1074 463 1135 511; x_wconf 85' lang='lat' dir='ltr'><strong>ecu-</strong></span> 
     </span>
     <span class='ocr_line' id='line_1_3' title="bbox 111 530 1134 634; baseline 0.004 -25"><span class='ocrx_word' id='word_1_10' title='bbox 111 530 271 620; x_wconf 77' lang='lat' dir='ltr'><strong>firmari</strong></span> <span class='ocrx_word' id='word_1_11' title='bbox 252 544 378 608; x_wconf 75' lang='lat' dir='ltr'><strong>ridetur·</strong></span> <span class='ocrx_word' id='word_1_12' title='bbox 392 566 451 632; x_wconf 84' lang='lat' dir='ltr'><strong>oo,</strong></span> <span class='ocrx_word' id='word_1_13' title='bbox 481 545 566 633; x_wconf 82' lang='lat' dir='ltr'><strong>quod</strong></span> <span class='ocrx_word' id='word_1_14' title='bbox 585 547 685 611; x_wconf 89' lang='lat' dir='ltr'><strong>etiarn</strong></span> <span class='ocrx_word' id='word_1_15' title='bbox 705 560 817 613; x_wconf 85' lang='lat' dir='ltr'><strong>ternas</strong></span> <span class='ocrx_word' id='word_1_16' title='bbox 838 548 1048 634; x_wconf 69' lang='lat' dir='ltr'><strong>quaestiones</strong></span> <span class='ocrx_word' id='word_1_17' title='bbox 1062 543 1134 623; x_wconf 79' lang='lat' dir='ltr'><strong>iiius,</strong></span> 
     </span>
     <span class='ocr_line' id='line_1_4' title="bbox 111 646 1135 737; baseline 0.001 -25"><span class='ocrx_word' id='word_1_18' title='bbox 111 670 195 735; x_wconf 81' lang='lat' dir='ltr'><strong>qnae</strong></span> <span class='ocrx_word' id='word_1_19' title='bbox 219 646 468 713; x_wconf 78' lang='lat' dir='ltr'><strong>instituebantur</strong></span> <span class='ocrx_word' id='word_1_20' title='bbox 488 669 547 737; x_wconf 83' lang='lat' dir='ltr'><strong>pes</strong></span> <span class='ocrx_word' id='word_1_21' title='bbox 577 661 645 715; x_wconf 81' lang='lat' dir='ltr'><strong>tres</strong></span> <span class='ocrx_word' id='word_1_22' title='bbox 675 652 844 717; x_wconf 88' lang='lat' dir='ltr'><strong>continuos</strong></span> <span class='ocrx_word' id='word_1_23' title='bbox 872 671 1024 733; x_wconf 84' lang='grc' dir='ltr'><strong><em>ιιιιιιει,</em></strong></span> <span class='ocrx_word' id='word_1_24' title='bbox 1062 661 1135 713; x_wconf 78' lang='lat' dir='ltr'><strong>acte</strong></span> 
     </span>
     <span class='ocr_line' id='line_1_5' title="bbox 113 748 1137 839; baseline 0.007 -27"><span class='ocrx_word' id='word_1_25' title='bbox 113 748 264 837; x_wconf 83' lang='lat' dir='ltr'><strong>quamde</strong></span> <span class='ocrx_word' id='word_1_26' title='bbox 281 750 630 839; x_wconf 83' lang='lat' dir='ltr'><strong>eaedealiqoarpsum</strong></span> <span class='ocrx_word' id='word_1_27' title='bbox 648 753 800 829; x_wconf 86' lang='lat' dir='ltr'><strong>iudicium</strong></span> <span class='ocrx_word' id='word_1_28' title='bbox 820 756 975 834; x_wconf 81' lang='lat' dir='ltr'><strong>ferretur,</strong></span> <span class='ocrx_word' id='word_1_29' title='bbox 1000 774 1022 818; x_wconf 88' lang='lat' dir='ltr'><strong>a</strong></span> <span class='ocrx_word' id='word_1_30' title='bbox 1041 752 1137 819; x_wconf 78' lang='lat' dir='ltr'><strong>iudici·</strong></span> 
     </span>
     <span class='ocr_line' id='line_1_6' title="bbox 112 850 1136 943; baseline 0.001 -25"><span class='ocrx_word' id='word_1_31' title='bbox 112 850 176 918; x_wconf 90' lang='lat' dir='ltr'><strong>bos</strong></span> <span class='ocrx_word' id='word_1_32' title='bbox 195 852 230 916; x_wconf 89' lang='lat' dir='ltr'><strong>in</strong></span> <span class='ocrx_word' id='word_1_33' title='bbox 252 850 412 938; x_wconf 81' lang='lat' dir='ltr'><strong>Prytaneo</strong></span> <span class='ocrx_word' id='word_1_34' title='bbox 434 854 596 921; x_wconf 86' lang='lat' dir='ltr'><strong>institutae</strong></span> <span class='ocrx_word' id='word_1_35' title='bbox 618 876 689 920; x_wconf 88' lang='lat' dir='ltr'><strong>esse</strong></span> <span class='ocrx_word' id='word_1_36' title='bbox 708 856 872 937; x_wconf 87' lang='lat' dir='ltr'><strong>videntur,</strong></span> <span class='ocrx_word' id='word_1_37' title='bbox 906 855 992 943; x_wconf 87' lang='lat' dir='ltr'><strong>quod</strong></span> <span class='ocrx_word' id='word_1_38' title='bbox 1011 855 1136 922; x_wconf 81' lang='lat' dir='ltr'><strong>coniitia</strong></span> 
     </span>
     <span class='ocr_line' id='line_1_7' title="bbox 114 946 1189 1049; baseline 0.002 -28"><span class='ocrx_word' id='word_1_39' title='bbox 114 978 160 1021; x_wconf 83' lang='lat' dir='ltr'><strong>ox</strong></span> <span class='ocrx_word' id='word_1_40' title='bbox 173 955 355 1021; x_wconf 90' lang='lat' dir='ltr'><strong>testimonio</strong></span> <span class='ocrx_word' id='word_1_41' title='bbox 369 954 477 1022; x_wconf 91' lang='lat' dir='ltr'><strong>Photii</strong></span> <span class='ocrx_word' id='word_1_42' title='bbox 494 960 702 1045; x_wconf 39' lang='lat' dir='ltr'><strong>p.,452.20;</strong></span> <span class='ocrx_word' id='word_1_43' title='bbox 729 959 955 1049; x_wconf 80' lang='grc' dir='ltr'><strong><em>ΙΙροδιιιασία·</em></strong></span> <span class='ocrx_word' id='word_1_44' title='bbox 976 958 1010 1025; x_wconf 78' lang='grc' dir='ltr'><strong>οἱ</strong></span> <span class='ocrx_word' id='word_1_45' title='bbox 1026 958 1084 1037; x_wconf 71' lang='grc' dir='ltr'><strong><em>τὰς</em></strong></span> <span class='ocrx_word' id='word_1_46' title='bbox 1096 957 1138 1023; x_wconf 79' lang='lat' dir='ltr'><strong>es</strong></span> <span class='ocrx_word' id='word_1_47' title='bbox 1187 946 1189 969; x_wconf 89' lang='lat'>&#39;</span> 
     </span>
    </p>
   </div>
   <div class='ocr_carea' id='block_1_3' title="bbox 42 1054 1164 4259">
    <p class='ocr_par' dir='ltr' id='par_1_3' title="bbox 113 1054 1145 1770">
     <span class='ocr_line' id='line_1_8' title="bbox 113 1054 1138 1154; baseline 0.003 -28"><span class='ocrx_word' id='word_1_48' title='bbox 113 1055 206 1153; x_wconf 80' lang='grc' dir='ltr'><strong><em>φόνιρ</em></strong></span> <span class='ocrx_word' id='word_1_49' title='bbox 222 1058 315 1139; x_wconf 77' lang='grc' dir='ltr'><strong><em>δίκας</em></strong></span> <span class='ocrx_word' id='word_1_50' title='bbox 327 1054 559 1147; x_wconf 70' lang='grc' dir='ltr'><strong>ἐγκαλούμενοι</strong></span> <span class='ocrx_word' id='word_1_51' title='bbox 572 1060 606 1128; x_wconf 77' lang='grc' dir='ltr'><strong>ἐν</strong></span> <span class='ocrx_word' id='word_1_52' title='bbox 616 1060 805 1154; x_wconf 76' lang='grc' dir='ltr'><strong><em>Πρυτανείῳ</em></strong></span> <span class='ocrx_word' id='word_1_53' title='bbox 819 1062 889 1151; x_wconf 79' lang='grc' dir='ltr'><strong><em>πρὸ.</em></strong></span> <span class='ocrx_word' id='word_1_54' title='bbox 899 1060 959 1146; x_wconf 71' lang='grc' dir='ltr'><strong><em>τῆς</em></strong></span> <span class='ocrx_word' id='word_1_55' title='bbox 972 1063 1066 1143; x_wconf 74' lang='grc' dir='ltr'><strong><em>δίκης</em></strong></span> <span class='ocrx_word' id='word_1_56' title='bbox 1080 1060 1138 1129; x_wconf 77' lang='lat' dir='ltr'><strong>iut-</strong></span> 
     </span>
     <span class='ocr_line' id='line_1_9' title="bbox 113 1154 1140 1253; baseline 0 -23"><span class='ocrx_word' id='word_1_57' title='bbox 113 1156 262 1231; x_wconf 79' lang='grc' dir='ltr'><strong><em>τελοῦσιν</em></strong></span> <span class='ocrx_word' id='word_1_58' title='bbox 283 1162 333 1228; x_wconf 72' lang='lat' dir='ltr'><strong>int</strong></span> <span class='ocrx_word' id='word_1_59' title='bbox 347 1173 433 1251; x_wconf 77' lang='grc' dir='ltr'><strong><em>τρεῖς</em></strong></span> <span class='ocrx_word' id='word_1_60' title='bbox 450 1159 575 1252; x_wconf 75' lang='grc' dir='ltr'><strong><em>μῆνας,</em></strong></span> <span class='ocrx_word' id='word_1_61' title='bbox 594 1163 629 1234; x_wconf 78' lang='grc' dir='ltr'><strong>ἐν</strong></span> <span class='ocrx_word' id='word_1_62' title='bbox 648 1163 698 1242; x_wconf 74' lang='grc' dir='ltr'><strong>οἷς</strong></span> <span class='ocrx_word' id='word_1_63' title='bbox 712 1164 745 1247; x_wconf 79' lang='grc' dir='ltr'><strong>ἐξ</strong></span> <span class='ocrx_word' id='word_1_64' title='bbox 758 1166 912 1253; x_wconf 74' lang='grc' dir='ltr'><strong><em>ἑκατέραν</em></strong></span> <span class='ocrx_word' id='word_1_65' title='bbox 923 1171 1044 1252; x_wconf 75' lang='grc' dir='ltr'><strong><em>μέρους</em></strong></span> <span class='ocrx_word' id='word_1_66' title='bbox 1058 1154 1140 1249; x_wconf 71' lang='lat' dir='ltr'><strong>iiras</strong></span> 
     </span>
     <span class='ocr_line' id='line_1_10' title="bbox 114 1260 1140 1357; baseline -0.003 -23"><span class='ocrx_word' id='word_1_67' title='bbox 114 1260 327 1356; x_wconf 79' lang='grc' dir='ltr'><strong><em>προάγονται.</em></strong></span> <span class='ocrx_word' id='word_1_68' title='bbox 350 1267 446 1334; x_wconf 86' lang='grc' dir='ltr'><strong><em>τοῦτο</em></strong></span> <span class='ocrx_word' id='word_1_69' title='bbox 473 1269 558 1356; x_wconf 79' lang='grc' dir='ltr'><strong><em>φασὶ</em></strong></span> <span class='ocrx_word' id='word_1_70' title='bbox 574 1266 805 1357; x_wconf 80' lang='grc' dir='ltr'><strong><em>προδικοσίαν.</em></strong></span> <span class='ocrx_word' id='word_1_71' title='bbox 853 1267 924 1333; x_wconf 90' lang='lat' dir='ltr'><strong>Has</strong></span> <span class='ocrx_word' id='word_1_72' title='bbox 945 1267 1140 1355; x_wconf 70' lang='lat' dir='ltr'><strong>quaestiones</strong></span> 
     </span>
     <span class='ocr_line' id='line_1_11' title="bbox 115 1366 1142 1458; baseline -0.002 -22"><span class='ocrx_word' id='word_1_73' title='bbox 115 1379 345 1457; x_wconf 76' lang='lat' dir='ltr'><strong>commemorat</strong></span> <span class='ocrx_word' id='word_1_74' title='bbox 359 1366 502 1456; x_wconf 83' lang='grc' dir='ltr'><strong><em>Αιιὶρλιο</em></strong></span> <span class='ocrx_word' id='word_1_75' title='bbox 518 1372 726 1452; x_wconf 79' lang='lat' dir='ltr'><strong>iactatione,</strong></span> <span class='ocrx_word' id='word_1_76' title='bbox 746 1393 827 1458; x_wconf 88' lang='lat' dir='ltr'><strong>quae</strong></span> <span class='ocrx_word' id='word_1_77' title='bbox 843 1372 1004 1457; x_wconf 84' lang='lat' dir='ltr'><strong>iuscripta</strong></span> <span class='ocrx_word' id='word_1_78' title='bbox 1018 1381 1067 1435; x_wconf 85' lang='lat' dir='ltr'><strong>ost</strong></span> <span class='ocrx_word' id='word_1_79' title='bbox 1078 1370 1142 1455; x_wconf 85' lang='grc' dir='ltr'><strong><em>ιιιρλ</em></strong></span> 
     </span>
     <span class='ocr_line' id='line_1_12' title="bbox 116 1472 1145 1565; baseline -0.003 -26"><span class='ocrx_word' id='word_1_80' title='bbox 116 1472 176 1540; x_wconf 82' lang='grc' dir='ltr'><strong><em>τοῦ</em></strong></span> <span class='ocrx_word' id='word_1_81' title='bbox 199 1496 377 1565; x_wconf 81' lang='grc' dir='ltr'><strong><em>χορεντον,</em></strong></span> <span class='ocrx_word' id='word_1_82' title='bbox 410 1485 444 1538; x_wconf 89' lang='lat' dir='ltr'><strong>et</strong></span> <span class='ocrx_word' id='word_1_83' title='bbox 464 1474 590 1540; x_wconf 86' lang='lat' dir='ltr'><strong>videtur</strong></span> <span class='ocrx_word' id='word_1_84' title='bbox 610 1496 669 1539; x_wconf 89' lang='lat' dir='ltr'><strong>eas</strong></span> <span class='ocrx_word' id='word_1_85' title='bbox 692 1472 864 1541; x_wconf 86' lang='lat' dir='ltr'><strong>tribuere</strong></span> <span class='ocrx_word' id='word_1_86' title='bbox 852 1474 918 1560; x_wconf 82' lang='lat' dir='ltr'><strong>apti</strong></span> <span class='ocrx_word' id='word_1_87' title='bbox 947 1475 1038 1562; x_wconf 81' lang='lat' dir='ltr'><strong>regi:</strong></span> <span class='ocrx_word' id='word_1_88' title='bbox 1075 1472 1145 1538; x_wconf 80' lang='lat' dir='ltr'><strong>dicit</strong></span> 
     </span>
     <span class='ocr_line' id='line_1_13' title="bbox 118 1568 1144 1698; baseline 0.002 -57"><span class='ocrx_word' id='word_1_89' title='bbox 118 1577 250 1654; x_wconf 67' lang='lat' dir='ltr'><strong>enimi.</strong></span> <span class='ocrx_word' id='word_1_90' title='bbox 267 1582 333 1642; x_wconf 72' lang='lat'><strong>422</strong></span> <span class='ocrx_word' id='word_1_91' title='bbox 360 1568 449 1647; x_wconf 78' lang='grc' dir='ltr'><strong><em>Ἔδει</em></strong></span> <span class='ocrx_word' id='word_1_92' title='bbox 465 1579 540 1698; x_wconf 44' lang='grc' dir='ltr'><strong><em>μὲν.</em></strong></span> <span class='ocrx_word' id='word_1_93' title='bbox 543 1569 601 1651; x_wconf 79' lang='grc' dir='ltr'><strong><em>τὸν</em></strong></span> <span class='ocrx_word' id='word_1_94' title='bbox 613 1579 769 1665; x_wconf 75' lang='grc' dir='ltr'><strong><em>βασιλέα,</em></strong></span> <span class='ocrx_word' id='word_1_95' title='bbox 794 1568 906 1661; x_wconf 61' lang='lat' dir='ltr'><strong>inscii}</strong></span> <span class='ocrx_word' id='word_1_96' title='bbox 921 1568 1144 1698; x_wconf 54' lang='grc' dir='ltr'><strong><em>άιιεγράιγατα</em></strong></span> 
     </span>
     <span class='ocr_line' id='line_1_14' title="bbox 117 1667 1144 1802; baseline -0.004 -55"><span class='ocrx_word' id='word_1_97' title='bbox 117 1691 202 1802; x_wconf 76' lang='grc' dir='ltr'><strong><em>τροις</em></strong></span> <span class='ocrx_word' id='word_1_98' title='bbox 223 1680 440 1768; x_wconf 79' lang='grc' dir='ltr'><strong><em>προδικασίας</em></strong></span> <span class='ocrx_word' id='word_1_99' title='bbox 460 1679 612 1764; x_wconf 80' lang='grc' dir='ltr'><strong><em>ιιοιῆσαι,</em></strong></span> <span class='ocrx_word' id='word_1_100' title='bbox 637 1681 673 1751; x_wconf 78' lang='grc' dir='ltr'><strong>ἐν</strong></span> <span class='ocrx_word' id='word_1_101' title='bbox 693 1680 780 1770; x_wconf 68' lang='lat' dir='ltr'><strong>sprot</strong></span> <span class='ocrx_word' id='word_1_102' title='bbox 800 1677 899 1769; x_wconf 79' lang='grc' dir='ltr'><strong><em>μησὶ,</em></strong></span> <span class='ocrx_word' id='word_1_103' title='bbox 928 1704 990 1764; x_wconf 78' lang='grc' dir='ltr'><strong><em>την</em></strong></span> <span class='ocrx_word' id='word_1_104' title='bbox 1006 1667 1144 1763; x_wconf 66' lang='grc' dir='ltr'><strong><em>δίκαιά</em></strong></span> 
     </span>
    </p>

    <p class='ocr_par' dir='ltr' id='par_1_4' title="bbox 42 1770 1147 1978">
     <span class='ocr_line' id='line_1_15' title="bbox 42 1770 1147 1898; baseline 0 -49"><span class='ocrx_word' id='word_1_105' title='bbox 42 1805 46 1810; x_wconf 92' lang='grc'>·</span> <span class='ocrx_word' id='word_1_106' title='bbox 117 1778 258 1869; x_wconf 74' lang='grc' dir='ltr'><strong><em>εἰσάγειν</em></strong></span> <span class='ocrx_word' id='word_1_107' title='bbox 279 1777 425 1898; x_wconf 77' lang='grc' dir='ltr'><strong><em>τετάρτῳ</em></strong></span> <span class='ocrx_word' id='word_1_108' title='bbox 442 1780 541 1869; x_wconf 83' lang='grc' dir='ltr'><strong><em>μηνί,</em></strong></span> <span class='ocrx_word' id='word_1_109' title='bbox 564 1770 674 1874; x_wconf 77' lang='grc' dir='ltr'><strong><em>άστιερ</em></strong></span> <span class='ocrx_word' id='word_1_110' title='bbox 695 1785 778 1853; x_wconf 82' lang='grc' dir='ltr'><strong><em>νννλ</em></strong></span> <span class='ocrx_word' id='word_1_111' title='bbox 809 1779 954 1867; x_wconf 78' lang='grc' dir='ltr'><strong><em>τῆςὸ”</em></strong></span> <span class='ocrx_word' id='word_1_112' title='bbox 935 1784 1041 1875; x_wconf 74' lang='grc' dir='ltr'><strong><em>αρχῆς</em></strong></span> <span class='ocrx_word' id='word_1_113' title='bbox 1062 1773 1147 1871; x_wconf 62' lang='lat' dir='ltr'><strong>aurp</strong></span> 
     </span>
     <span class='ocr_line' id='line_1_16' title="bbox 118 1876 1148 2013; baseline 0.002 -61"><span class='ocrx_word' id='word_1_114' title='bbox 118 1886 229 1952; x_wconf 77' lang='grc' dir='ltr'><strong><em>λοιποὶ</em></strong></span> <span class='ocrx_word' id='word_1_115' title='bbox 247 1876 377 1953; x_wconf 81' lang='grc' dir='ltr'><strong>ὃάο</strong></span> <span class='ocrx_word' id='word_1_116' title='bbox 326 1911 428 1974; x_wconf 82' lang='grc' dir='ltr'><strong><em>μηνες</em></strong></span> <span class='ocrx_word' id='word_1_117' title='bbox 446 1910 551 1971; x_wconf 82' lang='grc' dir='ltr'><strong><em>ησαν,</em></strong></span> <span class='ocrx_word' id='word_1_118' title='bbox 573 1879 792 2013; x_wconf 73' lang='grc' dir='ltr'><strong><em>Θαργηλιὼν</em></strong></span> <span class='ocrx_word' id='word_1_119' title='bbox 805 1889 863 1955; x_wconf 84' lang='grc' dir='ltr'><strong>καὶ</strong></span> <span class='ocrx_word' id='word_1_120' title='bbox 876 1878 1148 1978; x_wconf 80' lang='grc' dir='ltr'><strong><em>Στιρροφοριάν,</em></strong></span> 
     </span>
    </p>

    <p class='ocr_par' dir='ltr' id='par_1_5' title="bbox 57 1976 1164 4259">
     <span class='ocr_line' id='line_1_17' title="bbox 118 1976 1149 2083; baseline 0 -27"><span class='ocrx_word' id='word_1_121' title='bbox 118 1991 176 2057; x_wconf 87' lang='grc' dir='ltr'><strong>και</strong></span> <span class='ocrx_word' id='word_1_122' title='bbox 192 1978 264 2057; x_wconf 77' lang='lat' dir='ltr'><strong>otis</strong></span> <span class='ocrx_word' id='word_1_123' title='bbox 280 1981 420 2077; x_wconf 87' lang='grc' dir='ltr'><strong><em>εισάγειν</em></strong></span> <span class='ocrx_word' id='word_1_124' title='bbox 434 1979 589 2083; x_wconf 76' lang='grc' dir='ltr'><strong><em>ιληνιον</em></strong></span> <span class='ocrx_word' id='word_1_125' title='bbox 553 1987 665 2070; x_wconf 74' lang='grc' dir='ltr'><strong><em>οιόςτ</em></strong></span> <span class='ocrx_word' id='word_1_126' title='bbox 684 1976 725 2075; x_wconf 77' lang='grc' dir='ltr'><strong>ἦν</strong></span> <span class='ocrx_word' id='word_1_127' title='bbox 737 1985 792 2082; x_wconf 69' lang='grc' dir='ltr'><strong>ἐφ’</strong></span> <span class='ocrx_word' id='word_1_128' title='bbox 809 1991 938 2073; x_wconf 75' lang='grc' dir='ltr'><strong><em>ἑαυτοῦ,</em></strong></span> <span class='ocrx_word' id='word_1_129' title='bbox 957 1983 1033 2058; x_wconf 79' lang='grc' dir='ltr'><strong><em>οὔτε</em></strong></span> <span class='ocrx_word' id='word_1_130' title='bbox 1046 2010 1149 2075; x_wconf 80' lang='grc' dir='ltr'><strong><em>πορνι-</em></strong></span> 
     </span>
     <span class='ocr_line' id='line_1_18' title="bbox 119 2078 1149 2185; baseline -0.002 -24"><span class='ocrx_word' id='word_1_131' title='bbox 119 2092 237 2162; x_wconf 83' lang='grc' dir='ltr'><strong><em>δοῦναι</em></strong></span> <span class='ocrx_word' id='word_1_132' title='bbox 257 2086 362 2185; x_wconf 83' lang='grc' dir='ltr'><strong><em>φόνον</em></strong></span> <span class='ocrx_word' id='word_1_133' title='bbox 378 2078 500 2176; x_wconf 71' lang='grc' dir='ltr'><strong><em>ἔξεστιν</em></strong></span> <span class='ocrx_word' id='word_1_134' title='bbox 516 2089 590 2161; x_wconf 73' lang='grc' dir='ltr'><strong>οὐδὲ</strong></span> <span class='ocrx_word' id='word_1_135' title='bbox 612 2095 797 2184; x_wconf 72' lang='grc' dir='ltr'><strong><em>παρέδωκεν</em></strong></span> <span class='ocrx_word' id='word_1_136' title='bbox 817 2087 1072 2175; x_wconf 66' lang='lat' dir='ltr'><strong>subicientium</strong></span> <span class='ocrx_word' id='word_1_137' title='bbox 1091 2090 1149 2179; x_wconf 80' lang='grc' dir='ltr'><strong>βο·</strong></span> 
     </span>
     <span class='ocr_line' id='line_1_19' title="bbox 119 2187 1150 2292; baseline -0.007 -27"><span class='ocrx_word' id='word_1_138' title='bbox 119 2188 224 2274; x_wconf 73' lang='grc' dir='ltr'><strong><em>σιλειλς</em></strong></span> <span class='ocrx_word' id='word_1_139' title='bbox 238 2195 328 2264; x_wconf 73' lang='grc' dir='ltr'><strong>ἐν</strong></span> <span class='ocrx_word' id='word_1_140' title='bbox 287 2220 326 2290; x_wconf 76' lang='grc' dir='ltr'><strong><em>τῃ</em></strong></span> <span class='ocrx_word' id='word_1_141' title='bbox 340 2197 383 2292; x_wconf 77' lang='grc' dir='ltr'><strong>γῇ</strong></span> <span class='ocrx_word' id='word_1_142' title='bbox 402 2187 513 2289; x_wconf 78' lang='grc' dir='ltr'><strong><em>ταύτῃ.</em></strong></span> <span class='ocrx_word' id='word_1_143' title='bbox 540 2193 605 2261; x_wconf 81' lang='lat' dir='ltr'><strong>sea</strong></span> <span class='ocrx_word' id='word_1_144' title='bbox 620 2195 702 2278; x_wconf 79' lang='lat' dir='ltr'><strong>nihil</strong></span> <span class='ocrx_word' id='word_1_145' title='bbox 721 2194 828 2269; x_wconf 80' lang='lat' dir='ltr'><strong>obstat</strong></span> <span class='ocrx_word' id='word_1_146' title='bbox 842 2196 1014 2282; x_wconf 85' lang='lat' dir='ltr'><strong>quominus</strong></span> <span class='ocrx_word' id='word_1_147' title='bbox 1036 2205 1150 2260; x_wconf 84' lang='lat' dir='ltr'><strong>statun-</strong></span> 
     </span>
     <span class='ocr_line' id='line_1_20' title="bbox 90 2295 1149 2386; baseline 0.002 -27"><span class='ocrx_word' id='word_1_148' title='bbox 90 2352 94 2359; x_wconf 95' lang='lat'><em>.</em></span> <span class='ocrx_word' id='word_1_149' title='bbox 118 2320 192 2367; x_wconf 89' lang='lat' dir='ltr'><strong>mus</strong></span> <span class='ocrx_word' id='word_1_150' title='bbox 208 2296 346 2365; x_wconf 86' lang='lat' dir='ltr'><strong>breviter</strong></span> <span class='ocrx_word' id='word_1_151' title='bbox 367 2297 597 2386; x_wconf 83' lang='lat' dir='ltr'><strong>Antiphontem</strong></span> <span class='ocrx_word' id='word_1_152' title='bbox 620 2298 763 2376; x_wconf 81' lang='lat' dir='ltr'><strong>dixisse,</strong></span> <span class='ocrx_word' id='word_1_153' title='bbox 789 2319 899 2385; x_wconf 79' lang='lat' dir='ltr'><strong>regem</strong></span> <span class='ocrx_word' id='word_1_154' title='bbox 918 2295 1149 2385; x_wconf 80' lang='lat' dir='ltr'><strong>hasquaestio·</strong></span> 
     </span>
     <span class='ocr_line' id='line_1_21' title="bbox 120 2399 1149 2491; baseline -0.004 -24"><span class='ocrx_word' id='word_1_155' title='bbox 120 2410 180 2486; x_wconf 78' lang='lat' dir='ltr'><strong>nes</strong></span> <span class='ocrx_word' id='word_1_156' title='bbox 199 2424 371 2480; x_wconf 85' lang='lat' dir='ltr'><strong>exercere,</strong></span> <span class='ocrx_word' id='word_1_157' title='bbox 396 2424 477 2490; x_wconf 87' lang='lat' dir='ltr'><strong>quae</strong></span> <span class='ocrx_word' id='word_1_158' title='bbox 500 2423 539 2467; x_wconf 85' lang='lat' dir='ltr'><strong>eo</strong></span> <span class='ocrx_word' id='word_1_159' title='bbox 561 2403 711 2491; x_wconf 80' lang='lat' dir='ltr'><strong>praeside</strong></span> <span class='ocrx_word' id='word_1_160' title='bbox 733 2423 753 2467; x_wconf 87' lang='lat' dir='ltr'><strong>a</strong></span> <span class='ocrx_word' id='word_1_161' title='bbox 770 2399 953 2471; x_wconf 73' lang='lat' dir='ltr'><strong>indicabas</strong></span> <span class='ocrx_word' id='word_1_162' title='bbox 943 2423 978 2466; x_wconf 88' lang='grc' dir='ltr'><strong>ιιι</strong></span> <span class='ocrx_word' id='word_1_163' title='bbox 995 2399 1149 2485; x_wconf 76' lang='lat' dir='ltr'><strong>Prytaneo</strong></span> 
     </span>
     <span class='ocr_line' id='line_1_22' title="bbox 119 2503 1152 2594; baseline -0.001 -25"><span class='ocrx_word' id='word_1_164' title='bbox 119 2506 372 2593; x_wconf 82' lang='lat' dir='ltr'><strong>instituerentur.</strong></span> <span class='ocrx_word' id='word_1_165' title='bbox 422 2504 464 2570; x_wconf 86' lang='lat' dir='ltr'><strong>Et</strong></span> <span class='ocrx_word' id='word_1_166' title='bbox 485 2503 546 2570; x_wconf 87' lang='lat' dir='ltr'><strong>hae</strong></span> <span class='ocrx_word' id='word_1_167' title='bbox 563 2506 693 2593; x_wconf 89' lang='lat' dir='ltr'><strong>quidem</strong></span> <span class='ocrx_word' id='word_1_168' title='bbox 708 2505 912 2594; x_wconf 81' lang='lat' dir='ltr'><strong>quaestiones</strong></span> <span class='ocrx_word' id='word_1_169' title='bbox 927 2504 1093 2590; x_wconf 85' lang='lat' dir='ltr'><strong>sapienter</strong></span> <span class='ocrx_word' id='word_1_170' title='bbox 1106 2521 1152 2567; x_wconf 83' lang='lat' dir='ltr'><strong>se-</strong></span> 
     </span>
     <span class='ocr_line' id='line_1_23' title="bbox 119 2586 1152 2692; baseline -0.005 -18"><span class='ocrx_word' id='word_1_171' title='bbox 119 2586 217 2674; x_wconf 84' lang='lat' dir='ltr'><strong>lictae</strong></span> <span class='ocrx_word' id='word_1_172' title='bbox 231 2606 349 2671; x_wconf 86' lang='lat' dir='ltr'><strong>fuerint</strong></span> <span class='ocrx_word' id='word_1_173' title='bbox 362 2605 539 2691; x_wconf 85' lang='lat' dir='ltr'><strong>Prytaneo,</strong></span> <span class='ocrx_word' id='word_1_174' title='bbox 565 2629 631 2673; x_wconf 88' lang='lat' dir='ltr'><strong>uon</strong></span> <span class='ocrx_word' id='word_1_175' title='bbox 651 2608 709 2674; x_wconf 91' lang='lat' dir='ltr'><strong>alii</strong></span> <span class='ocrx_word' id='word_1_176' title='bbox 730 2607 855 2675; x_wconf 84' lang='lat' dir='ltr'><strong>cuidam</strong></span> <span class='ocrx_word' id='word_1_177' title='bbox 868 2607 994 2688; x_wconf 84' lang='lat' dir='ltr'><strong>iore,</strong></span> <span class='ocrx_word' id='word_1_178' title='bbox 983 2629 1023 2673; x_wconf 88' lang='grc' dir='ltr'><strong>ιιι</strong></span> <span class='ocrx_word' id='word_1_179' title='bbox 1039 2627 1103 2692; x_wconf 87' lang='lat' dir='ltr'><strong>qno</strong></span> <span class='ocrx_word' id='word_1_180' title='bbox 1116 2603 1152 2669; x_wconf 82' lang='lat' dir='ltr'><strong>tls</strong></span> 
     </span>
     <span class='ocr_line' id='line_1_24' title="bbox 121 2706 1153 2797; baseline -0.005 -18"><span class='ocrx_word' id='word_1_181' title='bbox 121 2713 229 2779; x_wconf 84' lang='lat' dir='ltr'><strong>causis</strong></span> <span class='ocrx_word' id='word_1_182' title='bbox 265 2706 457 2796; x_wconf 82' lang='lat' dir='ltr'><strong>capitalibus</strong></span> <span class='ocrx_word' id='word_1_183' title='bbox 488 2710 641 2777; x_wconf 87' lang='lat' dir='ltr'><strong>iudicium</strong></span> <span class='ocrx_word' id='word_1_184' title='bbox 665 2708 845 2780; x_wconf 81' lang='lat' dir='ltr'><strong>ferebatur:</strong></span> <span class='ocrx_word' id='word_1_185' title='bbox 878 2731 955 2775; x_wconf 90' lang='lat' dir='ltr'><strong>uam</strong></span> <span class='ocrx_word' id='word_1_186' title='bbox 985 2721 1153 2797; x_wconf 71' lang='lat' dir='ltr'><strong>antequam</strong></span> 
     </span>
     <span class='ocr_line' id='line_1_25' title="bbox 120 2810 1154 2903; baseline -0.004 -23"><span class='ocrx_word' id='word_1_187' title='bbox 120 2814 199 2895; x_wconf 84' lang='grc' dir='ltr'><strong><em>λλλιε</em></strong></span> <span class='ocrx_word' id='word_1_188' title='bbox 215 2814 426 2903; x_wconf 86' lang='lat' dir='ltr'><strong>quaestiones</strong></span> <span class='ocrx_word' id='word_1_189' title='bbox 429 2812 593 2879; x_wconf 89' lang='lat' dir='ltr'><strong>institutae</strong></span> <span class='ocrx_word' id='word_1_190' title='bbox 604 2829 705 2899; x_wconf 85' lang='lat' dir='ltr'><strong>erant,</strong></span> <span class='ocrx_word' id='word_1_191' title='bbox 719 2815 911 2900; x_wconf 85' lang='lat' dir='ltr'><strong>saepissime</strong></span> <span class='ocrx_word' id='word_1_192' title='bbox 924 2834 966 2879; x_wconf 89' lang='lat' dir='ltr'><strong>ue</strong></span> <span class='ocrx_word' id='word_1_193' title='bbox 980 2813 1016 2889; x_wconf 76' lang='lat' dir='ltr'><strong>iu</strong></span> <span class='ocrx_word' id='word_1_194' title='bbox 1028 2810 1154 2898; x_wconf 82' lang='lat' dir='ltr'><strong>quiden</strong></span> 
     </span>
     <span class='ocr_line' id='line_1_26' title="bbox 121 2916 1154 3013; baseline -0.001 -31"><span class='ocrx_word' id='word_1_195' title='bbox 121 2920 224 3013; x_wconf 90' lang='lat' dir='ltr'><strong>potuit</strong></span> <span class='ocrx_word' id='word_1_196' title='bbox 238 2916 382 2994; x_wconf 87' lang='lat' dir='ltr'><strong>decerni,</strong></span> <span class='ocrx_word' id='word_1_197' title='bbox 408 2916 535 2981; x_wconf 88' lang='lat' dir='ltr'><strong>cuinam</strong></span> <span class='ocrx_word' id='word_1_198' title='bbox 552 2917 672 2985; x_wconf 84' lang='lat' dir='ltr'><strong>iudicio</strong></span> <span class='ocrx_word' id='word_1_199' title='bbox 696 2938 773 2985; x_wconf 88' lang='lat' dir='ltr'><strong>reus</strong></span> <span class='ocrx_word' id='word_1_200' title='bbox 795 2916 1041 2991; x_wconf 84' lang='lat' dir='ltr'><strong>committendus</strong></span> <span class='ocrx_word' id='word_1_201' title='bbox 1062 2923 1154 2981; x_wconf 79' lang='lat' dir='ltr'><strong>esset</strong></span> 
     </span>
     <span class='ocr_line' id='line_1_27' title="bbox 124 3013 1155 3107; baseline -0.003 -23"><span class='ocrx_word' id='word_1_202' title='bbox 124 3019 449 3105; x_wconf 78' lang='lat' dir='ltr'><strong>Quisenimpotuerit</strong></span> <span class='ocrx_word' id='word_1_203' title='bbox 462 3041 589 3106; x_wconf 85' lang='lat' dir='ltr'><strong>semper</strong></span> <span class='ocrx_word' id='word_1_204' title='bbox 603 3033 698 3088; x_wconf 88' lang='lat' dir='ltr'><strong>antea</strong></span> <span class='ocrx_word' id='word_1_205' title='bbox 708 3021 862 3101; x_wconf 83' lang='lat' dir='ltr'><strong>divinari,</strong></span> <span class='ocrx_word' id='word_1_206' title='bbox 883 3032 988 3084; x_wconf 89' lang='lat' dir='ltr'><strong>utrum</strong></span> <span class='ocrx_word' id='word_1_207' title='bbox 1004 3039 1105 3107; x_wconf 84' lang='lat' dir='ltr'><strong>eausa</strong></span> <span class='ocrx_word' id='word_1_208' title='bbox 1118 3013 1155 3081; x_wconf 81' lang='grc' dir='ltr'><strong>ιλ</strong></span> 
     </span>
     <span class='ocr_line' id='line_1_28' title="bbox 123 3115 1155 3213; baseline -0.01 -21"><span class='ocrx_word' id='word_1_209' title='bbox 123 3123 330 3211; x_wconf 81' lang='lat' dir='ltr'><strong>Areopagum</strong></span> <span class='ocrx_word' id='word_1_210' title='bbox 348 3144 389 3187; x_wconf 88' lang='lat' dir='ltr'><strong>au</strong></span> <span class='ocrx_word' id='word_1_211' title='bbox 405 3124 446 3188; x_wconf 90' lang='lat' dir='ltr'><strong>ad</strong></span> <span class='ocrx_word' id='word_1_212' title='bbox 467 3124 618 3193; x_wconf 87' lang='lat' dir='ltr'><strong>iudicium</strong></span> <span class='ocrx_word' id='word_1_213' title='bbox 638 3145 739 3213; x_wconf 88' lang='lat' dir='ltr'><strong>prope</strong></span> <span class='ocrx_word' id='word_1_214' title='bbox 759 3120 940 3188; x_wconf 88' lang='lat' dir='ltr'><strong>Palladium</strong></span> <span class='ocrx_word' id='word_1_215' title='bbox 962 3115 1155 3208; x_wconf 84' lang='lat' dir='ltr'><strong>pertinereti</strong></span> 
     </span>
     <span class='ocr_line' id='line_1_29' title="bbox 124 3224 1156 3313; baseline 0 -20"><span class='ocrx_word' id='word_1_216' title='bbox 124 3228 276 3294; x_wconf 81' lang='lat' dir='ltr'><strong>Fortasse</strong></span> <span class='ocrx_word' id='word_1_217' title='bbox 292 3239 416 3307; x_wconf 89' lang='lat' dir='ltr'><strong>autem,</strong></span> <span class='ocrx_word' id='word_1_218' title='bbox 440 3226 469 3290; x_wconf 91' lang='lat' dir='ltr'><strong>si</strong></span> <span class='ocrx_word' id='word_1_219' title='bbox 489 3224 566 3292; x_wconf 87' lang='lat' dir='ltr'><strong>licet</strong></span> <span class='ocrx_word' id='word_1_220' title='bbox 586 3231 802 3294; x_wconf 85' lang='lat' dir='ltr'><strong>coniecturam</strong></span> <span class='ocrx_word' id='word_1_221' title='bbox 819 3224 1013 3313; x_wconf 79' lang='lat' dir='ltr'><strong>periclitari,</strong></span> <span class='ocrx_word' id='word_1_222' title='bbox 1040 3242 1156 3293; x_wconf 67' lang='grc' dir='ltr'><strong><em>τινοιν</em></strong></span> 
     </span>
     <span class='ocr_line' id='line_1_30' title="bbox 57 3324 1157 3419; baseline -0.005 -21"><span class='ocrx_word' id='word_1_223' title='bbox 57 3412 59 3417; x_wconf 23' lang='grc' dir='ltr'>Ι</span> <span class='ocrx_word' id='word_1_224' title='bbox 124 3344 216 3399; x_wconf 86' lang='lat' dir='ltr'><strong>erant</strong></span> <span class='ocrx_word' id='word_1_225' title='bbox 236 3329 410 3419; x_wconf 83' lang='lat' dir='ltr'><strong>quaedam,</strong></span> <span class='ocrx_word' id='word_1_226' title='bbox 430 3348 512 3416; x_wconf 87' lang='lat' dir='ltr'><strong>quae</strong></span> <span class='ocrx_word' id='word_1_227' title='bbox 538 3325 696 3397; x_wconf 86' lang='lat' dir='ltr'><strong>absolutis</strong></span> <span class='ocrx_word' id='word_1_228' title='bbox 717 3332 817 3396; x_wconf 89' lang='lat' dir='ltr'><strong>ternis</strong></span> <span class='ocrx_word' id='word_1_229' title='bbox 833 3327 902 3393; x_wconf 91' lang='lat' dir='ltr'><strong>illis</strong></span> <span class='ocrx_word' id='word_1_230' title='bbox 914 3324 1157 3415; x_wconf 81' lang='lat' dir='ltr'><strong>quaestionibus</strong></span> 
     </span>
     <span class='ocr_line' id='line_1_31' title="bbox 125 3428 1159 3517; baseline -0.002 -17"><span class='ocrx_word' id='word_1_231' title='bbox 125 3456 191 3500; x_wconf 91' lang='lat' dir='ltr'><strong>noo</strong></span> <span class='ocrx_word' id='word_1_232' title='bbox 215 3435 256 3498; x_wconf 88' lang='lat' dir='ltr'><strong>ad</strong></span> <span class='ocrx_word' id='word_1_233' title='bbox 278 3431 365 3498; x_wconf 86' lang='lat' dir='ltr'><strong>aliod</strong></span> <span class='ocrx_word' id='word_1_234' title='bbox 386 3431 492 3498; x_wconf 89' lang='lat' dir='ltr'><strong>forum</strong></span> <span class='ocrx_word' id='word_1_235' title='bbox 511 3432 724 3512; x_wconf 84' lang='lat' dir='ltr'><strong>deferrentur,</strong></span> <span class='ocrx_word' id='word_1_236' title='bbox 747 3433 806 3499; x_wconf 84' lang='lat' dir='ltr'><strong>sed</strong></span> <span class='ocrx_word' id='word_1_237' title='bbox 821 3434 931 3498; x_wconf 86' lang='lat' dir='ltr'><strong>statim</strong></span> <span class='ocrx_word' id='word_1_238' title='bbox 945 3433 978 3497; x_wconf 91' lang='lat' dir='ltr'><strong>io</strong></span> <span class='ocrx_word' id='word_1_239' title='bbox 994 3432 1071 3517; x_wconf 88' lang='lat' dir='ltr'><strong>ipsu</strong></span> <span class='ocrx_word' id='word_1_240' title='bbox 1084 3428 1159 3515; x_wconf 78' lang='lat' dir='ltr'><strong>Pry-</strong></span> 
     </span>
     <span class='ocr_line' id='line_1_32' title="bbox 125 3531 1159 3618; baseline -0.001 -16"><span class='ocrx_word' id='word_1_241' title='bbox 125 3553 221 3603; x_wconf 88' lang='lat' dir='ltr'><strong>taneo</strong></span> <span class='ocrx_word' id='word_1_242' title='bbox 237 3535 492 3609; x_wconf 85' lang='lat' dir='ltr'><strong>decernerentur.</strong></span> <span class='ocrx_word' id='word_1_243' title='bbox 531 3531 662 3612; x_wconf 79' lang='lat' dir='ltr'><strong>Quae</strong></span> <span class='ocrx_word' id='word_1_244' title='bbox 636 3560 665 3603; x_wconf 84' lang='lat' dir='ltr'><strong>ss</strong></span> <span class='ocrx_word' id='word_1_245' title='bbox 676 3540 722 3605; x_wconf 91' lang='lat' dir='ltr'><strong>ita</strong></span> <span class='ocrx_word' id='word_1_246' title='bbox 734 3532 825 3617; x_wconf 74' lang='lat' dir='ltr'><strong>sunt,</strong></span> <span class='ocrx_word' id='word_1_247' title='bbox 852 3538 950 3601; x_wconf 87' lang='lat' dir='ltr'><strong>etiarn</strong></span> <span class='ocrx_word' id='word_1_248' title='bbox 964 3531 1159 3618; x_wconf 64' lang='lat' dir='ltr'><strong>Pquosu&#39;s</strong></span> 
     </span>
     <span class='ocr_line' id='line_1_33' title="bbox 125 3622 1160 3726; baseline -0.002 -22"><span class='ocrx_word' id='word_1_249' title='bbox 125 3636 273 3705; x_wconf 78' lang='lat' dir='ltr'><strong>hocloco</strong></span> <span class='ocrx_word' id='word_1_250' title='bbox 287 3640 424 3726; x_wconf 90' lang='lat' dir='ltr'><strong>potuerit</strong></span> <span class='ocrx_word' id='word_1_251' title='bbox 434 3642 688 3706; x_wconf 85' lang='lat' dir='ltr'><strong>commemorari.</strong></span> <span class='ocrx_word' id='word_1_252' title='bbox 695 3639 776 3707; x_wconf 82' lang='lat' dir='ltr'><strong>Sed</strong></span> <span class='ocrx_word' id='word_1_253' title='bbox 790 3637 853 3704; x_wconf 87' lang='lat' dir='ltr'><strong>bae</strong></span> <span class='ocrx_word' id='word_1_254' title='bbox 866 3650 942 3703; x_wconf 88' lang='lat' dir='ltr'><strong>suut</strong></span> <span class='ocrx_word' id='word_1_255' title='bbox 957 3622 1160 3709; x_wconf 60' lang='lat' dir='ltr'><strong>conislium</strong></span> 
     </span>
     <span class='ocr_line' id='line_1_34' title="bbox 125 3724 1161 3831; baseline -0.006 -22"><span class='ocrx_word' id='word_1_256' title='bbox 125 3747 268 3811; x_wconf 87' lang='lat' dir='ltr'><strong>incertae</strong></span> <span class='ocrx_word' id='word_1_257' title='bbox 282 3758 375 3831; x_wconf 88' lang='lat' dir='ltr'><strong>atque</strong></span> <span class='ocrx_word' id='word_1_258' title='bbox 390 3740 523 3808; x_wconf 86' lang='lat' dir='ltr'><strong>dobiae:</strong></span> <span class='ocrx_word' id='word_1_259' title='bbox 545 3756 577 3809; x_wconf 88' lang='lat' dir='ltr'><strong>et</strong></span> <span class='ocrx_word' id='word_1_260' title='bbox 591 3741 684 3809; x_wconf 84' lang='lat' dir='ltr'><strong>valde</strong></span> <span class='ocrx_word' id='word_1_261' title='bbox 698 3738 894 3821; x_wconf 86' lang='lat' dir='ltr'><strong>laetabor,</strong></span> <span class='ocrx_word' id='word_1_262' title='bbox 868 3762 898 3806; x_wconf 82' lang='grc' dir='ltr'><strong>ιι</strong></span> <span class='ocrx_word' id='word_1_263' title='bbox 911 3738 965 3807; x_wconf 87' lang='lat' dir='ltr'><strong>vel</strong></span> <span class='ocrx_word' id='word_1_264' title='bbox 978 3737 1096 3807; x_wconf 82' lang='lat' dir='ltr'><strong>&#39;l&#39;uvel</strong></span> <span class='ocrx_word' id='word_1_265' title='bbox 1107 3724 1161 3803; x_wconf 85' lang='grc' dir='ltr'><strong><em>ιλλι</em></strong></span> 
     </span>
     <span class='ocr_line' id='line_1_35' title="bbox 126 3840 1162 3932; baseline -0.008 -19"><span class='ocrx_word' id='word_1_266' title='bbox 126 3845 263 3931; x_wconf 85' lang='lat' dir='ltr'><strong>meliora</strong></span> <span class='ocrx_word' id='word_1_267' title='bbox 278 3860 310 3910; x_wconf 89' lang='lat' dir='ltr'><strong>et</strong></span> <span class='ocrx_word' id='word_1_268' title='bbox 325 3848 460 3911; x_wconf 87' lang='lat' dir='ltr'><strong>certiora</strong></span> <span class='ocrx_word' id='word_1_269' title='bbox 471 3844 570 3912; x_wconf 89' lang='lat' dir='ltr'><strong>bisin</strong></span> <span class='ocrx_word' id='word_1_270' title='bbox 588 3848 727 3914; x_wconf 78' lang='lat' dir='ltr'><strong>inedium</strong></span> <span class='ocrx_word' id='word_1_271' title='bbox 742 3847 921 3932; x_wconf 85' lang='lat' dir='ltr'><strong>proferunt·</strong></span> <span class='ocrx_word' id='word_1_272' title='bbox 948 3840 1041 3908; x_wconf 89' lang='lat' dir='ltr'><strong>nolui</strong></span> <span class='ocrx_word' id='word_1_273' title='bbox 1054 3857 1162 3909; x_wconf 79' lang='lat' dir='ltr'><strong>tameo</strong></span> 
     </span>
     <span class='ocr_line' id='line_1_36' title="bbox 127 3944 1164 4034; baseline -0.007 -18"><span class='ocrx_word' id='word_1_274' title='bbox 127 3927 291 4018; x_wconf 80' lang='lat' dir='ltr'><strong>Teeelare</strong></span> <span class='ocrx_word' id='word_1_275' title='bbox 305 3951 505 4034; x_wconf 77' lang='lat' dir='ltr'><strong>suspiciones</strong></span> <span class='ocrx_word' id='word_1_276' title='bbox 515 3972 620 4017; x_wconf 78' lang='lat' dir='ltr'><strong>aneas:</strong></span> <span class='ocrx_word' id='word_1_277' title='bbox 646 3971 721 4021; x_wconf 86' lang='lat' dir='ltr'><strong>uam</strong></span> <span class='ocrx_word' id='word_1_278' title='bbox 734 3948 816 4014; x_wconf 89' lang='lat' dir='ltr'><strong>banc</strong></span> <span class='ocrx_word' id='word_1_279' title='bbox 826 3944 1164 4013; x_wconf 83' lang='lat' dir='ltr'><strong>demumiamiliarita·</strong></span> 
     </span>
     <span class='ocr_line' id='line_1_37' title="bbox 126 4048 1163 4135; baseline -0.006 -16"><span class='ocrx_word' id='word_1_280' title='bbox 126 4069 273 4119; x_wconf 81' lang='lat' dir='ltr'><strong>temesae</strong></span> <span class='ocrx_word' id='word_1_281' title='bbox 288 4049 366 4118; x_wconf 88' lang='lat' dir='ltr'><strong>olim</strong></span> <span class='ocrx_word' id='word_1_282' title='bbox 383 4048 682 4135; x_wconf 85' lang='lat' dir='ltr'><strong>arbitrabamur,</strong></span> <span class='ocrx_word' id='word_1_283' title='bbox 655 4075 685 4118; x_wconf 89' lang='grc' dir='ltr'><strong>ει</strong></span> <span class='ocrx_word' id='word_1_284' title='bbox 699 4054 819 4130; x_wconf 81' lang='lat' dir='ltr'><strong>omnia,</strong></span> <span class='ocrx_word' id='word_1_285' title='bbox 838 4048 927 4116; x_wconf 87' lang='lat' dir='ltr'><strong>laeta</strong></span> <span class='ocrx_word' id='word_1_286' title='bbox 939 4062 1035 4135; x_wconf 85' lang='lat' dir='ltr'><strong>atque</strong></span> <span class='ocrx_word' id='word_1_287' title='bbox 1049 4049 1163 4123; x_wconf 60' lang='lat' dir='ltr'><strong>tristia</strong></span> 
     </span>
     <span class='ocr_line' id='line_1_38' title="bbox 92 4150 1164 4259; baseline -0.008 -36"><span class='ocrx_word' id='word_1_288' title='bbox 92 4234 95 4240; x_wconf 20' lang='lat'>⁸</span> <span class='ocrx_word' id='word_1_289' title='bbox 127 4150 233 4226; x_wconf 80' lang='lat' dir='ltr'><strong>ibiosa</strong></span> <span class='ocrx_word' id='word_1_290' title='bbox 249 4172 281 4224; x_wconf 91' lang='lat' dir='ltr'><strong>et</strong></span> <span class='ocrx_word' id='word_1_291' title='bbox 295 4155 392 4239; x_wconf 81' lang='lat' dir='ltr'><strong>seria,</strong></span> <span class='ocrx_word' id='word_1_292' title='bbox 407 4169 493 4255; x_wconf 76' lang='lat' dir='ltr'><strong>certa</strong></span> <span class='ocrx_word' id='word_1_293' title='bbox 500 4160 620 4245; x_wconf 79' lang='lat' dir='ltr'><strong>pariter</strong></span> <span class='ocrx_word' id='word_1_294' title='bbox 631 4173 724 4246; x_wconf 73' lang='lat' dir='ltr'><strong>atque</strong></span> <span class='ocrx_word' id='word_1_295' title='bbox 734 4153 834 4259; x_wconf 75' lang='lat' dir='ltr'><strong>dubia</strong></span> <span class='ocrx_word' id='word_1_296' title='bbox 843 4154 1164 4222; x_wconf 82' lang='lat' dir='ltr'><strong>communicaremus.</strong></span> 
     </span>
    </p>
   </div>
   <div class='ocr_carea' id='block_1_4' title="bbox 0 0 1317 4740">
    <p class='ocr_par' dir='ltr' id='par_1_6' title="bbox 0 0 1317 4740">
     <span class='ocr_line' id='line_1_39' title="bbox 0 0 1317 4740; baseline 0 0"><span class='ocrx_word' id='word_1_297' title='bbox 0 0 1317 4740; x_wconf 95' lang='lat' dir='ltr'><strong> </strong></span> 
     </span>
    </p>
   </div>
  </div>
 </body>
</html>
