2580 4740
1028 298 1101 370 139

56 479 147 545 ἔστιν
167 472 277 542 αὐτοῦ
298 469 363 544 σῦν
382 468 559 564 δραμάτων
579 464 766 556 ’Amnista
788 463 987 558 Ἀμαζόνες,
1019 475 1103 565 Τρο-
1167 464 1171 472 ’

56 570 203 671 φοίνιος,
233 565 300 656 Ὗς.
346 577 479 644 Rectius
500 591 606 643 antem
628 589 661 661 et
675 578 829 662 autiquae.
845 593 880 643 et
901 577 1028 643 mediae
1048 598 1118 659 ιο·Δ

57 680 209 746 rnoediae
229 684 335 766 poetis
357 703 432 746 enm
450 680 671 760 acceusuerin,
695 701 888 767 quamquam
905 683 939 746 ia
955 682 1039 765 ipsis
1052 681 1103 745 fa·

58 783 211 849 bulernm
225 784 416 871 fragmentis
431 782 511 848 nihil
528 795 596 863 est,
622 805 685 870 quo
700 785 818 848 certius
839 784 909 848 eius
931 797 1023 853 aetas
1045 783 1104 849 le·

58 887 151 954 finiri
173 890 296 971 possit,
329 898 553 975 argumentum
575 898 684 951 tamen
710 887 855 953 maxime
878 887 1031 951 convenit
1051 884 1104 951 illi

35 1005 225 1083 tempore,
250 991 334 1078 quod
356 990 453 1056 modo
472 972 689 1077 significavi.
710 990 891 1056 Matones
913 989 1041 1074 quidem
1060 986 1103 1053 ah

58 1093 233 1164 Athenaeo
255 1093 297 1159 1..
310 1090 403 1160 XIV.
394 1117 448 1180 .p.
439 1090 590 1161 .629..C.
606 1105 641 1176 et
654 1113 675 1159 a
689 1091 848 1158 Photios.
862 1113 895 1158 ι.
909 1087 985 1171 ὄνος
999 1079 1104 1161 ῦιιαι.

67 1196 296 1283 Trophonius
294 1219 316 1262 a
336 1195 470 1263 Polluce
490 1195 532 1261 1..
548 1193 701 1281 Vltor.
726 1192 790 1286 (cl.
815 1198 912 1261 etiam
929 1193 1106 1285 Clementis

59 1298 162 1364 Alex.
173 1298 362 1388 ‘I’aedagop
379 1297 475 1366 1..11.
489 1320 522 1393 p.
531 1295 603 1390 89.)
619 1309 653 1362 et
666 1297 745 1365 vll.
757 1303 816 1365 40.
832 1311 865 1363 et
879 1295 920 1363 ab
934 1296 1104 1367 Athenaeo

58 1403 105 1469 L.
120 1400 199 1469 XV.
222 1425 255 1488 p.
272 1408 357 1487 989.
372 1401 410 1469 I'.
460 1399 522 1468 Stra
543 1402 681 1487 nonique
702 1399 746 1487 ah
769 1398 939 1477 Athenaeo
959 1401 1001 1466 L.
1014 1398 1105 1470 VIII.

60 1529 97 1593 p.
114 1508 201 1571 345.
213 1504 252 1570 F.
275 1504 316 1576 Ι..
332 1505 391 1575 Ill.
404 1528 436 1591 p·
453 1502 589 1588 1191).
613 1501 694 1571 XV.
707 1527 740 1589 p.
760 1508 843 1569 701.
857 1501 897 1570 Β.
916 1504 1122 1572 Herodiano.

60 1611 139 1698 napi
154 1605 269 1698 μονήρ.
283 1609 343 1691 lag.
359 1632 389 1694 p·
401 1614 460 1675 39.
478 1613 537 1672 10.
559 1605 621 1694 (ibi
637 1610 724 1671 enim
739 1604 976 1700 Κηφισόδωρος
997 1614 1031 1678 ἐν
1048 1605 1109 1703 ‘I'l

58 1706 236 1798 legendum
256 1707 332 1803 est)
357 1723 390 1778 et
412 1709 583 1778 aI'olluce
603 1707 650 1777 X.
674 1716 759 1776 110.
788 1712 912 1776 citatur.
962 1711 1007 1777 At
1028 1733 1106 1776 vero

62 1816 106 1878 dc
120 1812 301 1897 Antilaile,
326 1836 421 1902 quam
436 1813 527 1878 solus
541 1812 660 1879 Suidas
673 1816 705 1878 ei
718 1810 846 1895 tribuit,
865 1813 961 1881 valde
975 1812 1105 1880 dubito-t

61 1920 93 1985 is
117 1920 205 2007 euim
227 1917 355 1983 videtur
374 1915 631 2002 Cephisodornm
651 1938 723 1982 cnm
743 1914 810 1980 alio
830 1918 968 2003 quodam
983 1919 1106 1984 comino

64 2021 268 2087 confudisse:
306 2035 338 2086 at
366 2021 547 2106 Epicratem
577 2019 728 2108 quidem,
757 2021 886 2086 uredine
918 2023 1107 2086 comoediae

62 2135 216 2211 poetam,
236 2123 403 2189 Auellairla
419 2124 568 2205 docuisse
583 2124 806 2212 cognoscimus
820 2145 864 2188 ex
879 2125 941 2204 lis,
963 2144 1045 2209 quae
1058 2121 1108 2188 le·
1162 2179 1165 2185 .

64 2240 184 2314 guntur
198 2227 281 2312 apud
295 2225 497 2294 Athenaeum
512 2226 553 2292 L.
567 2223 662 2290 XIII.
676 2249 708 2312 p.
727 2230 811 2291 5⁷0.
825 2222 864 2290 Β.
879 2237 955 2311 etp.
973 2225 1121 2292 anah.
1163 2276 1166 2283 .

65 2328 153 2406 Quin
174 2328 381 2396 Meineckius
410 2330 450 2395 de
474 2329 537 2394 hoc
564 2344 661 2414 poeta
690 2331 848 2394 censuerit
869 2331 1004 2416 ignoro,
1033 2350 1107 2399 cnm
1143 2378 1148 2404 ι

64 2434 273 2502 doctissimas
299 2436 369 2500 eius
403 2434 711 2514 commentationes,
750 2452 831 2518 quas
867 2432 908 2497 de
939 2433 1108 2498 comoedia
1144 2486 1145 2489 ,

64 2534 310 2607 Atheniensium
325 2537 472 2645 scripsit,
498 2557 582 2605 nono
596 2534 677 2604 rnihi
691 2556 756 2605 non
776 2533 876 2603 liceat
892 2535 997 2605 oculis
1017 2558 1108 2607 οισι
1122 2579 1125 2583 -
1154 2597 1156 2601 ι

62 2661 157 2725 pare.

137 2739 176 2807 Iu
202 2742 316 2808 eadem
339 2736 461 2827 Lysiae
489 2745 637 2808 oratioue
668 2739 753 2806 alius
784 2762 908 2828 qnoque
929 2722 1022 2806 Iocus
1046 2716 1109 2823 est,

64 2867 161 2931 quem
180 2845 320 2911 similem
339 2842 448 2929 lahem
473 2847 678 2911 contraxisse
700 2845 907 2908 crediderim.
934 2858 1109 2910 astantem
1163 2856 1165 2858 ’

64 2946 123 3015 ille
139 2958 169 3033 ξ.
182 2957 215 3017 9.
231 2946 312 3014 uhi
302 2970 350 3027 rs,
375 2970 432 3036 qur
420 2946 541 3015 illam
556 2931 736 3013 orationem
751 2944 867 3022 habet,
893 2945 988 3028 dicit,
1010 2968 1048 3012 ιο
1061 2968 1109 3013 ex

64 3074 175 3140 pugna
198 3052 283 3139 apud
305 3052 417 3154 Aegos
437 3050 559 3119 flumen
580 3051 755 3143 commlesa
773 3064 806 3116 et
828 3070 920 3115 snam
941 3063 974 3115 et
982 3048 1108 3117 Nausi-
1181 3097 1185 3114 .

65 3154 173 3225 machi
202 3158 364 3221 triremem
394 3147 593 3239 servavisse.
628 3143 709 3223 Ὅτι
732 3178 798 3243 γαρ
822 3160 858 3222 ἐν
877 3154 919 3248 τῇ
939 3151 1108 3242 τελευταίᾳ
1163 3158 1166 3162 ’

64 3257 235 3356 ναυμαχία
254 3262 291 3328 αἱ
302 3256 379 3343 νῆις
391 3250 639 3385 διερθᾶρησαν,
667 3253 798 3351 οὐδενός
810 3280 869 3343 μοι
883 3256 1109 3353 συμπλέοντος

64 3361 270 3453 στρατηγοῦ,
311 3368 368 3435 ἵνα
395 3364 452 3433 καὶ
477 3359 599 3430 τοῦτον
626 3357 789 3448 μνησθῶ,
821 3351 929 3444 lustin
955 3361 1012 3426 καὶ
1038 3363 1109 3440 τοῖς

63 3462 277 3589 τριηράρχοις
307 3463 522 3580 ὠργίσθητε
528 3457 586 3533 διὰ
620 3487 682 3548 την
714 3462 887 3592 γινρμέρην
919 3461 1109 3556 συμφοράν,

63 3563 128 3654 ἐγώ
153 3561 216 3652 τήν
240 3593 276 3634 re
298 3570 441 3654 ἐμαυτοῦ
458 3565 542 3635 ναῦν
556 3555 700 3653 <sonmo
724 3570 781 3636 καὶ
804 3590 865 3649 την
885 3563 1108 3656 Νανσιμαχου
1196 3588 1198 3597 '

62 3672 129 3790 rori
160 3668 376 3799 Φαληρέως”
356 3694 474 3746 sonna.
521 3669 650 3736 Deinde
677 3673 725 3735 ita
752 3670 876 3758 pergit.
908 3670 978 3738 Kal
1000 3671 1109 3738 ταῦτα
1210 3712 1213 3717 -

62 3767 131 3843 οῦκ
154 3767 221 3842 ἀπὸ
241 3772 340 3861 τύχης
363 3775 503 3861 ἐγένετο,
532 3765 607 3839 ἀλλ’
629 3766 696 3841 ἀπὸ
717 3771 927 3862 παρασκευῆς
946 3774 1004 3856 τῆς
1021 3770 1128 3858 ἐμῆς.-

62 3875 158 3966 sigor
181 3870 247 3966 γὰρ
272 3874 419 3966 χρήμασι
442 3873 556 3955 πιέσας
581 3871 779 3963 κυβερνήτην
804 3873 956 3946 Φαντίαν
978 3865 1111 3944 ἅπαντα

62 3976 128 4048 τὸν
162 3977 300 4070 χρόνον,
340 3973 379 4061 ῦς
416 3976 520 4047 ἐδόκει
545 3975 612 4046 τῶν
641 3971 814 4062 Ἑλλήνων
845 3971 979 4066 ἄριστος
1015 3975 1111 4063 sivae,
1171 3984 1175 3991 ⁴

62 4079 360 4172 παρεσκευασάμην
390 4084 426 4150 δὲ
452 4085 508 4153 καὶ
541 4078 581 4150 ιὸ
600 4075 772 4171 -ιιλὴρυμα
803 4075 888 4170 πρὸς
910 4082 1033 4151 ἐκεῖνον
1054 4086 1112 4150 καὶ

62 4182 131 4270 τὴν
154 4181 259 4269 ἄλλην
282 4185 462 4278 ῦιιηρισίαν
485 4178 687 4262 ἀκόλουθον.
710 4189 768 4269 καὶ
790 4183 895 4257 ταῦθ’
916 4180 967 4281 ὅτι
993 4177 1112 4272 ἀληθῆ
