2580 4740
1098 261 1168 339 tlt

127 431 292 501 Numeros
306 437 392 501 enim
406 433 582 521 impeditus
596 431 644 500 ibi
658 431 761 523 longe
776 429 893 501 melias
913 434 956 502 ad
980 456 1075 507 aures
1088 443 1173 508 noci-

127 541 204 621 det‚
230 541 401 607 simaeum
421 538 589 626 legeris·-

295 641 442 730 Πολίοχι
469 637 532 721 nde
550 639 647 727 ἔσχον
668 640 775 730 ἕδραι.

129 743 259 811 Cercius
276 759 389 829 posset
410 745 451 808 do
470 744 533 813 lroc
551 741 711 811 versiculo
730 743 934 823 iudicari,
906 763 936 809 ss
954 764 1071 811 uersus
1087 708 1169 813 stro·

126 848 232 935 phac,
257 851 308 913 cui
323 848 377 914 hic
396 848 592 935 respondet,
617 861 827 915 conservatus
843 858 939 913 esset·

204 948 300 1031 Alia,
319 973 402 1039 quae
424 952 465 1021 de
487 952 592 1037 Lysia
616 947 801 1025 volebam
791 972 827 1015 ιιι
847 949 987 1033 medinm
1008 932 1166 1036 prolerre,

96 1120 100 1127 ,
126 1056 232 1119 satius
245 1055 329 1123 duco
344 1077 429 1123 nunc
441 1057 479 1121 in
493 1054 581 1121 aliud
593 1066 721 1145 tempus
736 1053 883 1136 differre,
903 1068 939 1119 ut
954 1055 1077 1138 aptiore
1091 1048 1166 1121 loco

97 1212 101 1219 .
125 1157 170 1222 de
192 1156 244 1223 his
263 1159 404 1230 dicatur:
428 1179 526 1225 unum
548 1171 676 1234 temen,
704 1157 745 1221 de
766 1178 829 1254 quo
849 1180 870 1221 a
892 1178 963 1237 mc,
989 1157 1091 1223 amice
1113 1179 1164 1253 cn·
1222 1172 1237 1238 J

124 1260 273 1342 tissime,
310 1265 442 1349 saepius
461 1262 669 1348 quaesivisti,
694 1281 916 1348 nonposrum
948 1281 1013 1325 non
1041 1256 1166 1327 Tecum

125 1367 375 1430 communicare.
421 1363 584 1431 Memoria
608 1365 694 1429 enim
723 1362 856 1429 tenebas
887 1385 958 1438 me,
998 1384 1071 1429 cum
1100 1385 1166 1429 nna
1237 1372 1247 1383 ''

124 1464 272 1534 Graecae
291 1469 456 1537 societatis
479 1467 609 1553 sodales
628 1487 793 1547 essemus,
820 1465 996 1565 aliquando
1019 1466 1165 1555 disputa-

91 1635 96 1641 .
121 1571 215 1636 uisse
236 1571 276 1636 de
300 1575 447 1637 oratione
468 1593 549 1657 quae
569 1573 605 1635 in
621 1567 854 1637 Nicomachum
868 1573 988 1656 scripta
1002 1584 1068 1636 est:
1092 1592 1162 1639 rem
1283 1622 1286 1627 .

122 1687 232 1743 antem
246 1673 336 1740 illam
348 1690 417 1743 tum
436 1675 549 1760 paucis
567 1671 789 1760 absolveram,
814 1695 917 1759 neque
936 1676 1022 1737 enim
1038 1673 1080 1738 de
1095 1672 1162 1760 Ly·

123 1779 193 1853 sin,
217 1778 274 1843 sad
296 1779 340 1847 de
367 1776 584 1864 Aristophane
614 1779 807 1862 scripseram
833 1775 1160 1843 dissertatiunculam.

122 1860 178 1944 'l'u
191 1893 296 1945 autem
313 1903 386 1946 cum
405 1882 472 1945 iam
487 1895 583 1947 antea
598 1877 816 1960 dubitavisses
833 1877 928 1947 valde
949 1879 990 1944 de
1007 1873 1160 1967 probabi·
1235 1964 1238 1969 ‚

119 1981 225 2049 litato
247 1984 316 2050 eius
340 1985 494 2064 rationis,
525 2004 622 2070 quam
649 1985 839 2069 interpretes
863 1984 1020 2063 inieram,
1052 2005 1161 2049 meam

97 2089 99 2095 '
121 2088 315 2151 sententiam
333 2085 513 2172 probavisti
534 2098 630 2205 atque
651 2107 672 2150 a
693 2107 745 2152 me
765 2088 906 2172 petiisti,
927 2101 963 2153 ut
979 2090 1160 2155 accuratius
1269 2172 1273 2183 Ι

119 2187 259 2255 inillam
273 2212 342 2255 rem
360 2192 573 2277 inquirerem,

196 2290 283 2357 Vere
300 2291 352 2358 Tu
366 2293 496 2381 quidem
508 2272 737 2372 intellexeras,
760 2270 880 2357 falsam
896 2311 968 2356 esse
982 2304 1014 2356 et
1030 2312 1160 2378 perver-
1239 2352 1244 2359 .

118 2415 191 2460 sam
210 2397 394 2480 opinionem
414 2394 512 2461 illam
524 2397 750 2479 interpretum,
773 2397 827 2481 qui
849 2408 1042 2481 censuerunt
1061 2392 1160 2464 Nico·

94 2497 295 2568 ¹maehum
285 2513 380 2564 rstum
406 2521 538 2565 munere
560 2495 692 2563 Solonis
718 2494 828 2585 legum
855 2494 1158 2567 conscribendarum

116 2612 382 2687 quatuorcentum
390 2603 739 2668 annisfunctumcsse:
759 2599 1157 2677 satisenimintellexerns

116 2707 177 2768 vix
187 2718 264 2789 apta
276 2706 400 2793 rationo
412 2705 580 2773 conciliari
591 2725 691 2791 posse
704 2703 750 2785 id,
771 2704 855 2798 quod
870 2718 980 2785 orator
994 2706 1074 2769 dicit
1080 2707 1110 2785 ξ.
1119 2715 1154 2773 4.
1209 2710 1213 2717 ⁴
1257 2764 1260 2773 .

93 2888 97 2893 Ι
114 2803 349 2873 Nicomachum
363 2822 496 2894 quatuor
509 2806 696 2874 annoshuic
711 2808 841 2893 negotio
856 2806 1064 2893 impendisse,
1080 2830 1153 2874 cum
1267 2871 1272 2879 ,

114 2911 175 2986 iis,
199 2932 281 3036 quse
303 2909 451 2997 leguntur
475 2920 507 2994 ᾗ.
531 2918 574 2977 2:
600 2902 674 2979 dccl
697 2911 733 2977 δὲ
753 2904 911 2999 concipere
930 2905 1040 2995 μηιῶι
1061 2909 1152 3005 ἑξέτη

112 3013 175 3096 τὴν
191 3007 298 3102 ἀρχὴν
311 3007 541 3099 ἐποιήσατο.
548 3010 667 3080 Nam
656 3034 728 3077 rure
752 3009 825 3076 Tuo
847 3009 1063 3078 contendebas
1084 3036 1150 3085 non

92 3136 216 3201 ,posse
230 3113 362 3202 probari
383 3132 528 3207 argutam
552 3097 657 3184 illam
664 3117 841 3208 rationem,
865 3114 962 3201 quarti
983 3117 1055 3182 iniit
1071 3115 1150 3215 Bre-

76 3220 232 3300 mins,
228 3234 274 3287 ut
298 3219 379 3287 haec
402 3243 484 3308 quae
503 3221 758 3291 adversafrontc
772 3206 836 3283 sibi
850 3232 1046 3321 repugnant,
1073 3209 1150 3285 con·

90 3320 249 3389 .ciliaret
297 3321 385 3390 Dicit
409 3326 495 3390 enim
513 3323 590 3394 ille.
623 3300 824 3419 „Utrumque
844 3322 982 3387 fortasse
1000 3316 1149 3391 convenit

66 3498 69 3503 ,
111 3426 241 3491 ueritati
264 3447 323 3511 pro
357 3441 555 3515 temporum
575 3428 767 3495 conditione
819 3420 926 3515 Quum
939 3414 1148 3523 complures

111 3530 189 3594 anni
213 3529 444 3612 decurrissent,
473 3524 644 3619 antequam
671 3514 795 3625 legum
806 3526 1021 3625 promulgatio
1043 3518 1147 3609 lieret,

81 3628 86 3639 '
110 3631 241 3696 tandem
261 3635 470 3718 quadriennio
488 3634 600 3720 elapso
623 3631 867 3702 Nicomachus
856 3653 890 3696 ιιι
910 3632 1024 3698 senatu
1040 3634 1080 3699 ad
1094 3657 1147 3701 ra

109 3737 230 3799 tionem
253 3736 446 3802 reddendam
469 3740 619 3826 adigitur.
666 3735 799 3802 loter'im
820 3752 925 3800 novae
946 3738 1062 3803 iterum
1075 3759 1145 3802 ma-

107 3835 312 3904 turescebant
329 3862 402 3921 res,
417 3865 420 3872 ·
433 3863 517 3928 qnae
538 3843 667 3908 tandem
689 3855 762 3926 post
781 3837 913 3904 fatalem
937 3860 1078 3928 pugnam
1101 3841 1143 3907 ad

106 3941 219 4029 Aegos
239 3954 387 4028 potamos
407 3943 616 4030 enimpebant
637 3957 669 4009 et
688 3943 819 4029 triginta
844 3945 981 4009 virorum
1004 3945 1146 4027 tyranni-

104 4045 181 4110 dem
194 4044 415 4133 procreabant.
441 4048 566 4115 Horum
582 4051 744 4114 dominatu
759 4043 851 4134 leges
866 4043 1143 4118 obmutescebants
1264 4052 1273 4064 “

103 4165 136 4216 et
158 4151 190 4215 si
214 4149 346 4236 quando,
366 4172 431 4239 nna
443 4152 562 4243 aliqua
582 4148 791 4253 loquebatur,
811 4152 849 4244 in
868 4150 1070 4216 commodum
1087 4152 1142 4215 tri·
